%YAML 1.1
%TAG !u! tag:unity3d.com,2011:
--- !u!29 &1
OcclusionCullingSettings:
  m_ObjectHideFlags: 0
  serializedVersion: 2
  m_OcclusionBakeSettings:
    smallestOccluder: 5
    smallestHole: 0.25
    backfaceThreshold: 100
  m_SceneGUID: 00000000000000000000000000000000
  m_OcclusionCullingData: {fileID: 0}
--- !u!104 &2
RenderSettings:
  m_ObjectHideFlags: 0
  serializedVersion: 9
  m_Fog: 0
  m_FogColor: {r: 0.5, g: 0.5, b: 0.5, a: 1}
  m_FogMode: 3
  m_FogDensity: 0.01
  m_LinearFogStart: 0
  m_LinearFogEnd: 300
  m_AmbientSkyColor: {r: 1, g: 1, b: 1, a: 1}
  m_AmbientEquatorColor: {r: 0.114, g: 0.125, b: 0.133, a: 1}
  m_AmbientGroundColor: {r: 0.047, g: 0.043, b: 0.035, a: 1}
  m_AmbientIntensity: 1
  m_AmbientMode: 0
  m_SubtractiveShadowColor: {r: 0.42, g: 0.478, b: 0.627, a: 1}
  m_SkyboxMaterial: {fileID: 10304, guid: 0000000000000000f000000000000000, type: 0}
  m_HaloStrength: 0.5
  m_FlareStrength: 1
  m_FlareFadeSpeed: 3
  m_HaloTexture: {fileID: 0}
  m_SpotCookie: {fileID: 10001, guid: 0000000000000000e000000000000000, type: 0}
  m_DefaultReflectionMode: 0
  m_DefaultReflectionResolution: 128
  m_ReflectionBounces: 1
  m_ReflectionIntensity: 1
  m_CustomReflection: {fileID: 0}
  m_Sun: {fileID: 0}
  m_IndirectSpecularColor: {r: 0, g: 0, b: 0, a: 1}
  m_UseRadianceAmbientProbe: 0
--- !u!157 &3
LightmapSettings:
  m_ObjectHideFlags: 0
  serializedVersion: 11
  m_GIWorkflowMode: 1
  m_GISettings:
    serializedVersion: 2
    m_BounceScale: 1
    m_IndirectOutputScale: 1
    m_AlbedoBoost: 1
    m_EnvironmentLightingMode: 0
    m_EnableBakedLightmaps: 0
    m_EnableRealtimeLightmaps: 0
  m_LightmapEditorSettings:
    serializedVersion: 12
    m_Resolution: 2
    m_BakeResolution: 40
    m_AtlasSize: 1024
    m_AO: 0
    m_AOMaxDistance: 1
    m_CompAOExponent: 1
    m_CompAOExponentDirect: 0
    m_ExtractAmbientOcclusion: 0
    m_Padding: 2
    m_LightmapParameters: {fileID: 0}
    m_LightmapsBakeMode: 1
    m_TextureCompression: 1
    m_FinalGather: 0
    m_FinalGatherFiltering: 1
    m_FinalGatherRayCount: 256
    m_ReflectionCompression: 2
    m_MixedBakeMode: 1
    m_BakeBackend: 0
    m_PVRSampling: 1
    m_PVRDirectSampleCount: 32
    m_PVRSampleCount: 512
    m_PVRBounces: 2
    m_PVREnvironmentSampleCount: 512
    m_PVREnvironmentReferencePointCount: 2048
    m_PVRFilteringMode: 0
    m_PVRDenoiserTypeDirect: 0
    m_PVRDenoiserTypeIndirect: 0
    m_PVRDenoiserTypeAO: 0
    m_PVRFilterTypeDirect: 0
    m_PVRFilterTypeIndirect: 0
    m_PVRFilterTypeAO: 0
    m_PVREnvironmentMIS: 0
    m_PVRCulling: 1
    m_PVRFilteringGaussRadiusDirect: 1
    m_PVRFilteringGaussRadiusIndirect: 5
    m_PVRFilteringGaussRadiusAO: 2
    m_PVRFilteringAtrousPositionSigmaDirect: 0.5
    m_PVRFilteringAtrousPositionSigmaIndirect: 2
    m_PVRFilteringAtrousPositionSigmaAO: 1
    m_ExportTrainingData: 0
    m_TrainingDataDestination: TrainingData
    m_LightProbeSampleCountMultiplier: 4
  m_LightingDataAsset: {fileID: 0}
  m_UseShadowmask: 0
--- !u!196 &4
NavMeshSettings:
  serializedVersion: 2
  m_ObjectHideFlags: 0
  m_BuildSettings:
    serializedVersion: 2
    agentTypeID: 0
    agentRadius: 0.5
    agentHeight: 2
    agentSlope: 45
    agentClimb: 0.4
    ledgeDropHeight: 0
    maxJumpAcrossDistance: 0
    minRegionArea: 2
    manualCellSize: 0
    cellSize: 0.16666667
    manualTileSize: 0
    tileSize: 256
    accuratePlacement: 0
    debug:
      m_Flags: 0
  m_NavMeshData: {fileID: 0}
--- !u!1001 &13342913
PrefabInstance:
  m_ObjectHideFlags: 0
  serializedVersion: 2
  m_Modification:
    m_TransformParent: {fileID: 0}
    m_Modifications:
    - target: {fileID: 400008, guid: ec9de3a5f018215409adfcb8d014dac6, type: 3}
      propertyPath: m_LocalPosition.x
      value: 10.6
      objectReference: {fileID: 0}
    - target: {fileID: 400008, guid: ec9de3a5f018215409adfcb8d014dac6, type: 3}
      propertyPath: m_LocalPosition.y
      value: 0
      objectReference: {fileID: 0}
    - target: {fileID: 400008, guid: ec9de3a5f018215409adfcb8d014dac6, type: 3}
      propertyPath: m_LocalPosition.z
      value: 56.6
      objectReference: {fileID: 0}
    - target: {fileID: 400008, guid: ec9de3a5f018215409adfcb8d014dac6, type: 3}
      propertyPath: m_LocalRotation.x
      value: -3.972184e-15
      objectReference: {fileID: 0}
    - target: {fileID: 400008, guid: ec9de3a5f018215409adfcb8d014dac6, type: 3}
      propertyPath: m_LocalRotation.y
      value: 1
      objectReference: {fileID: 0}
    - target: {fileID: 400008, guid: ec9de3a5f018215409adfcb8d014dac6, type: 3}
      propertyPath: m_LocalRotation.z
      value: -0.000000021855694
      objectReference: {fileID: 0}
    - target: {fileID: 400008, guid: ec9de3a5f018215409adfcb8d014dac6, type: 3}
      propertyPath: m_LocalRotation.w
      value: -0.00000019470718
      objectReference: {fileID: 0}
    - target: {fileID: 400008, guid: ec9de3a5f018215409adfcb8d014dac6, type: 3}
      propertyPath: m_RootOrder
      value: 14
      objectReference: {fileID: 0}
    m_RemovedComponents: []
  m_SourcePrefab: {fileID: 100100000, guid: ec9de3a5f018215409adfcb8d014dac6, type: 3}
--- !u!1001 &39192109
PrefabInstance:
  m_ObjectHideFlags: 0
  serializedVersion: 2
  m_Modification:
    m_TransformParent: {fileID: 0}
    m_Modifications:
    - target: {fileID: 400006, guid: 09ce364c2f18ec14c9c7623d3a3d0c7b, type: 3}
      propertyPath: m_LocalPosition.x
      value: 101.1
      objectReference: {fileID: 0}
    - target: {fileID: 400006, guid: 09ce364c2f18ec14c9c7623d3a3d0c7b, type: 3}
      propertyPath: m_LocalPosition.y
      value: -0
      objectReference: {fileID: 0}
    - target: {fileID: 400006, guid: 09ce364c2f18ec14c9c7623d3a3d0c7b, type: 3}
      propertyPath: m_LocalPosition.z
      value: 10
      objectReference: {fileID: 0}
    - target: {fileID: 400006, guid: 09ce364c2f18ec14c9c7623d3a3d0c7b, type: 3}
      propertyPath: m_LocalRotation.x
      value: -3.972184e-15
      objectReference: {fileID: 0}
    - target: {fileID: 400006, guid: 09ce364c2f18ec14c9c7623d3a3d0c7b, type: 3}
      propertyPath: m_LocalRotation.y
      value: 1
      objectReference: {fileID: 0}
    - target: {fileID: 400006, guid: 09ce364c2f18ec14c9c7623d3a3d0c7b, type: 3}
      propertyPath: m_LocalRotation.z
      value: -0.000000021855694
      objectReference: {fileID: 0}
    - target: {fileID: 400006, guid: 09ce364c2f18ec14c9c7623d3a3d0c7b, type: 3}
      propertyPath: m_LocalRotation.w
      value: -0.00000019470718
      objectReference: {fileID: 0}
    - target: {fileID: 400006, guid: 09ce364c2f18ec14c9c7623d3a3d0c7b, type: 3}
      propertyPath: m_RootOrder
      value: 2
      objectReference: {fileID: 0}
    m_RemovedComponents: []
  m_SourcePrefab: {fileID: 100100000, guid: 09ce364c2f18ec14c9c7623d3a3d0c7b, type: 3}
--- !u!1001 &112970581
PrefabInstance:
  m_ObjectHideFlags: 0
  serializedVersion: 2
  m_Modification:
    m_TransformParent: {fileID: 0}
    m_Modifications:
    - target: {fileID: 400006, guid: f9db60e5d9f742149aeebbf2be16f33a, type: 3}
      propertyPath: m_LocalPosition.x
      value: 100.8
      objectReference: {fileID: 0}
    - target: {fileID: 400006, guid: f9db60e5d9f742149aeebbf2be16f33a, type: 3}
      propertyPath: m_LocalPosition.y
      value: -0
      objectReference: {fileID: 0}
    - target: {fileID: 400006, guid: f9db60e5d9f742149aeebbf2be16f33a, type: 3}
      propertyPath: m_LocalPosition.z
      value: 39
      objectReference: {fileID: 0}
    - target: {fileID: 400006, guid: f9db60e5d9f742149aeebbf2be16f33a, type: 3}
      propertyPath: m_LocalRotation.x
      value: -3.972184e-15
      objectReference: {fileID: 0}
    - target: {fileID: 400006, guid: f9db60e5d9f742149aeebbf2be16f33a, type: 3}
      propertyPath: m_LocalRotation.y
      value: 1
      objectReference: {fileID: 0}
    - target: {fileID: 400006, guid: f9db60e5d9f742149aeebbf2be16f33a, type: 3}
      propertyPath: m_LocalRotation.z
      value: -0.000000021855694
      objectReference: {fileID: 0}
    - target: {fileID: 400006, guid: f9db60e5d9f742149aeebbf2be16f33a, type: 3}
      propertyPath: m_LocalRotation.w
      value: -0.00000019470718
      objectReference: {fileID: 0}
    - target: {fileID: 400006, guid: f9db60e5d9f742149aeebbf2be16f33a, type: 3}
      propertyPath: m_RootOrder
      value: 9
      objectReference: {fileID: 0}
    m_RemovedComponents: []
  m_SourcePrefab: {fileID: 100100000, guid: f9db60e5d9f742149aeebbf2be16f33a, type: 3}
--- !u!1001 &115787816
PrefabInstance:
  m_ObjectHideFlags: 0
  serializedVersion: 2
  m_Modification:
    m_TransformParent: {fileID: 0}
    m_Modifications:
    - target: {fileID: 4413422354544070, guid: 06c0fe3926f0641938a6acf63338f0c0, type: 3}
      propertyPath: m_LocalPosition.x
      value: 22
      objectReference: {fileID: 0}
    - target: {fileID: 4413422354544070, guid: 06c0fe3926f0641938a6acf63338f0c0, type: 3}
      propertyPath: m_LocalPosition.y
      value: -0
      objectReference: {fileID: 0}
    - target: {fileID: 4413422354544070, guid: 06c0fe3926f0641938a6acf63338f0c0, type: 3}
      propertyPath: m_LocalPosition.z
      value: 13
      objectReference: {fileID: 0}
    - target: {fileID: 4413422354544070, guid: 06c0fe3926f0641938a6acf63338f0c0, type: 3}
      propertyPath: m_LocalRotation.x
      value: 0.000000021855694
      objectReference: {fileID: 0}
    - target: {fileID: 4413422354544070, guid: 06c0fe3926f0641938a6acf63338f0c0, type: 3}
      propertyPath: m_LocalRotation.y
      value: 0
      objectReference: {fileID: 0}
    - target: {fileID: 4413422354544070, guid: 06c0fe3926f0641938a6acf63338f0c0, type: 3}
      propertyPath: m_LocalRotation.z
      value: -0
      objectReference: {fileID: 0}
    - target: {fileID: 4413422354544070, guid: 06c0fe3926f0641938a6acf63338f0c0, type: 3}
      propertyPath: m_LocalRotation.w
      value: 1
      objectReference: {fileID: 0}
    - target: {fileID: 4413422354544070, guid: 06c0fe3926f0641938a6acf63338f0c0, type: 3}
      propertyPath: m_RootOrder
      value: 42
      objectReference: {fileID: 0}
    m_RemovedComponents: []
  m_SourcePrefab: {fileID: 100100000, guid: 06c0fe3926f0641938a6acf63338f0c0, type: 3}
--- !u!1001 &208845625
PrefabInstance:
  m_ObjectHideFlags: 0
  serializedVersion: 2
  m_Modification:
    m_TransformParent: {fileID: 0}
    m_Modifications:
    - target: {fileID: 4383815502627158, guid: 431564229ba4243da829f97398b5b2b6, type: 3}
      propertyPath: m_LocalPosition.x
      value: -0
      objectReference: {fileID: 0}
    - target: {fileID: 4383815502627158, guid: 431564229ba4243da829f97398b5b2b6, type: 3}
      propertyPath: m_LocalPosition.y
      value: 0
      objectReference: {fileID: 0}
    - target: {fileID: 4383815502627158, guid: 431564229ba4243da829f97398b5b2b6, type: 3}
      propertyPath: m_LocalPosition.z
      value: 12
      objectReference: {fileID: 0}
    - target: {fileID: 4383815502627158, guid: 431564229ba4243da829f97398b5b2b6, type: 3}
      propertyPath: m_LocalRotation.x
      value: 0.000000015454313
      objectReference: {fileID: 0}
    - target: {fileID: 4383815502627158, guid: 431564229ba4243da829f97398b5b2b6, type: 3}
      propertyPath: m_LocalRotation.y
      value: -0.70710677
      objectReference: {fileID: 0}
    - target: {fileID: 4383815502627158, guid: 431564229ba4243da829f97398b5b2b6, type: 3}
      propertyPath: m_LocalRotation.z
      value: 0.000000015454312
      objectReference: {fileID: 0}
    - target: {fileID: 4383815502627158, guid: 431564229ba4243da829f97398b5b2b6, type: 3}
      propertyPath: m_LocalRotation.w
      value: 0.7071068
      objectReference: {fileID: 0}
    - target: {fileID: 4383815502627158, guid: 431564229ba4243da829f97398b5b2b6, type: 3}
      propertyPath: m_RootOrder
      value: 29
      objectReference: {fileID: 0}
    m_RemovedComponents: []
  m_SourcePrefab: {fileID: 100100000, guid: 431564229ba4243da829f97398b5b2b6, type: 3}
--- !u!1001 &233147819
PrefabInstance:
  m_ObjectHideFlags: 0
  serializedVersion: 2
  m_Modification:
    m_TransformParent: {fileID: 0}
    m_Modifications:
    - target: {fileID: 4084621648512320, guid: 3962bea63aa72451dbef29ac4cf0b260, type: 3}
      propertyPath: m_LocalPosition.x
      value: 26
      objectReference: {fileID: 0}
    - target: {fileID: 4084621648512320, guid: 3962bea63aa72451dbef29ac4cf0b260, type: 3}
      propertyPath: m_LocalPosition.y
      value: -0
      objectReference: {fileID: 0}
    - target: {fileID: 4084621648512320, guid: 3962bea63aa72451dbef29ac4cf0b260, type: 3}
      propertyPath: m_LocalPosition.z
      value: 13
      objectReference: {fileID: 0}
    - target: {fileID: 4084621648512320, guid: 3962bea63aa72451dbef29ac4cf0b260, type: 3}
      propertyPath: m_LocalRotation.x
      value: 0.000000021855694
      objectReference: {fileID: 0}
    - target: {fileID: 4084621648512320, guid: 3962bea63aa72451dbef29ac4cf0b260, type: 3}
      propertyPath: m_LocalRotation.y
      value: 0
      objectReference: {fileID: 0}
    - target: {fileID: 4084621648512320, guid: 3962bea63aa72451dbef29ac4cf0b260, type: 3}
      propertyPath: m_LocalRotation.z
      value: -0
      objectReference: {fileID: 0}
    - target: {fileID: 4084621648512320, guid: 3962bea63aa72451dbef29ac4cf0b260, type: 3}
      propertyPath: m_LocalRotation.w
      value: 1
      objectReference: {fileID: 0}
    - target: {fileID: 4084621648512320, guid: 3962bea63aa72451dbef29ac4cf0b260, type: 3}
      propertyPath: m_RootOrder
      value: 41
      objectReference: {fileID: 0}
    m_RemovedComponents: []
  m_SourcePrefab: {fileID: 100100000, guid: 3962bea63aa72451dbef29ac4cf0b260, type: 3}
--- !u!1001 &252611329
PrefabInstance:
  m_ObjectHideFlags: 0
  serializedVersion: 2
  m_Modification:
    m_TransformParent: {fileID: 0}
    m_Modifications:
    - target: {fileID: 400004, guid: 4eb15b068ec4e2c408f90553ca379f89, type: 3}
      propertyPath: m_LocalPosition.x
      value: -31.1
      objectReference: {fileID: 0}
    - target: {fileID: 400004, guid: 4eb15b068ec4e2c408f90553ca379f89, type: 3}
      propertyPath: m_LocalPosition.y
      value: -0
      objectReference: {fileID: 0}
    - target: {fileID: 400004, guid: 4eb15b068ec4e2c408f90553ca379f89, type: 3}
      propertyPath: m_LocalPosition.z
      value: 70.6
      objectReference: {fileID: 0}
    - target: {fileID: 400004, guid: 4eb15b068ec4e2c408f90553ca379f89, type: 3}
      propertyPath: m_LocalRotation.x
      value: -3.972184e-15
      objectReference: {fileID: 0}
    - target: {fileID: 400004, guid: 4eb15b068ec4e2c408f90553ca379f89, type: 3}
      propertyPath: m_LocalRotation.y
      value: 1
      objectReference: {fileID: 0}
    - target: {fileID: 400004, guid: 4eb15b068ec4e2c408f90553ca379f89, type: 3}
      propertyPath: m_LocalRotation.z
      value: -0.000000021855694
      objectReference: {fileID: 0}
    - target: {fileID: 400004, guid: 4eb15b068ec4e2c408f90553ca379f89, type: 3}
      propertyPath: m_LocalRotation.w
      value: -0.00000019470718
      objectReference: {fileID: 0}
    - target: {fileID: 400004, guid: 4eb15b068ec4e2c408f90553ca379f89, type: 3}
      propertyPath: m_RootOrder
      value: 16
      objectReference: {fileID: 0}
    m_RemovedComponents: []
  m_SourcePrefab: {fileID: 100100000, guid: 4eb15b068ec4e2c408f90553ca379f89, type: 3}
--- !u!1001 &255036024
PrefabInstance:
  m_ObjectHideFlags: 0
  serializedVersion: 2
  m_Modification:
    m_TransformParent: {fileID: 0}
    m_Modifications:
    - target: {fileID: 4580831767867132, guid: 66d860973afdd40269f3cd1288c901bc, type: 3}
      propertyPath: m_LocalPosition.x
      value: 8
      objectReference: {fileID: 0}
    - target: {fileID: 4580831767867132, guid: 66d860973afdd40269f3cd1288c901bc, type: 3}
      propertyPath: m_LocalPosition.y
      value: -0
      objectReference: {fileID: 0}
    - target: {fileID: 4580831767867132, guid: 66d860973afdd40269f3cd1288c901bc, type: 3}
      propertyPath: m_LocalPosition.z
      value: 22
      objectReference: {fileID: 0}
    - target: {fileID: 4580831767867132, guid: 66d860973afdd40269f3cd1288c901bc, type: 3}
      propertyPath: m_LocalRotation.x
      value: 0.000000021855694
      objectReference: {fileID: 0}
    - target: {fileID: 4580831767867132, guid: 66d860973afdd40269f3cd1288c901bc, type: 3}
      propertyPath: m_LocalRotation.y
      value: 0
      objectReference: {fileID: 0}
    - target: {fileID: 4580831767867132, guid: 66d860973afdd40269f3cd1288c901bc, type: 3}
      propertyPath: m_LocalRotation.z
      value: -0
      objectReference: {fileID: 0}
    - target: {fileID: 4580831767867132, guid: 66d860973afdd40269f3cd1288c901bc, type: 3}
      propertyPath: m_LocalRotation.w
      value: 1
      objectReference: {fileID: 0}
    - target: {fileID: 4580831767867132, guid: 66d860973afdd40269f3cd1288c901bc, type: 3}
      propertyPath: m_RootOrder
      value: 27
      objectReference: {fileID: 0}
    m_RemovedComponents: []
  m_SourcePrefab: {fileID: 100100000, guid: 66d860973afdd40269f3cd1288c901bc, type: 3}
--- !u!1001 &420047324
PrefabInstance:
  m_ObjectHideFlags: 0
  serializedVersion: 2
  m_Modification:
    m_TransformParent: {fileID: 0}
    m_Modifications:
    - target: {fileID: 4918650733904904, guid: 9f4d1bfe606834b82994cb47584c8e22, type: 3}
      propertyPath: m_LocalPosition.x
      value: 4
      objectReference: {fileID: 0}
    - target: {fileID: 4918650733904904, guid: 9f4d1bfe606834b82994cb47584c8e22, type: 3}
      propertyPath: m_LocalPosition.y
      value: 0
      objectReference: {fileID: 0}
    - target: {fileID: 4918650733904904, guid: 9f4d1bfe606834b82994cb47584c8e22, type: 3}
      propertyPath: m_LocalPosition.z
      value: 12
      objectReference: {fileID: 0}
    - target: {fileID: 4918650733904904, guid: 9f4d1bfe606834b82994cb47584c8e22, type: 3}
      propertyPath: m_LocalRotation.x
      value: 0.000000021855694
      objectReference: {fileID: 0}
    - target: {fileID: 4918650733904904, guid: 9f4d1bfe606834b82994cb47584c8e22, type: 3}
      propertyPath: m_LocalRotation.y
      value: -1.1102232e-16
      objectReference: {fileID: 0}
    - target: {fileID: 4918650733904904, guid: 9f4d1bfe606834b82994cb47584c8e22, type: 3}
      propertyPath: m_LocalRotation.z
      value: 1.1102232e-16
      objectReference: {fileID: 0}
    - target: {fileID: 4918650733904904, guid: 9f4d1bfe606834b82994cb47584c8e22, type: 3}
      propertyPath: m_LocalRotation.w
      value: 1
      objectReference: {fileID: 0}
    - target: {fileID: 4918650733904904, guid: 9f4d1bfe606834b82994cb47584c8e22, type: 3}
      propertyPath: m_RootOrder
      value: 30
      objectReference: {fileID: 0}
    m_RemovedComponents: []
  m_SourcePrefab: {fileID: 100100000, guid: 9f4d1bfe606834b82994cb47584c8e22, type: 3}
--- !u!1001 &604825908
PrefabInstance:
  m_ObjectHideFlags: 0
  serializedVersion: 2
  m_Modification:
    m_TransformParent: {fileID: 0}
    m_Modifications:
    - target: {fileID: 4227471981056432, guid: de10eb3a868c04ae58930783c9eddb4c, type: 3}
      propertyPath: m_LocalPosition.x
      value: 0
      objectReference: {fileID: 0}
    - target: {fileID: 4227471981056432, guid: de10eb3a868c04ae58930783c9eddb4c, type: 3}
      propertyPath: m_LocalPosition.y
      value: -0
      objectReference: {fileID: 0}
    - target: {fileID: 4227471981056432, guid: de10eb3a868c04ae58930783c9eddb4c, type: 3}
      propertyPath: m_LocalPosition.z
      value: 22
      objectReference: {fileID: 0}
    - target: {fileID: 4227471981056432, guid: de10eb3a868c04ae58930783c9eddb4c, type: 3}
      propertyPath: m_LocalRotation.x
      value: 0.000000021855694
      objectReference: {fileID: 0}
    - target: {fileID: 4227471981056432, guid: de10eb3a868c04ae58930783c9eddb4c, type: 3}
      propertyPath: m_LocalRotation.y
      value: 0
      objectReference: {fileID: 0}
    - target: {fileID: 4227471981056432, guid: de10eb3a868c04ae58930783c9eddb4c, type: 3}
      propertyPath: m_LocalRotation.z
      value: -0
      objectReference: {fileID: 0}
    - target: {fileID: 4227471981056432, guid: de10eb3a868c04ae58930783c9eddb4c, type: 3}
      propertyPath: m_LocalRotation.w
      value: 1
      objectReference: {fileID: 0}
    - target: {fileID: 4227471981056432, guid: de10eb3a868c04ae58930783c9eddb4c, type: 3}
      propertyPath: m_RootOrder
      value: 24
      objectReference: {fileID: 0}
    m_RemovedComponents: []
  m_SourcePrefab: {fileID: 100100000, guid: de10eb3a868c04ae58930783c9eddb4c, type: 3}
--- !u!1001 &605978896
PrefabInstance:
  m_ObjectHideFlags: 0
  serializedVersion: 2
  m_Modification:
    m_TransformParent: {fileID: 0}
    m_Modifications:
    - target: {fileID: 4229280175435238, guid: bd47e5a8af091464db40c3a0ecadff83, type: 3}
      propertyPath: m_LocalPosition.x
      value: 16
      objectReference: {fileID: 0}
    - target: {fileID: 4229280175435238, guid: bd47e5a8af091464db40c3a0ecadff83, type: 3}
      propertyPath: m_LocalPosition.y
      value: -0
      objectReference: {fileID: 0}
    - target: {fileID: 4229280175435238, guid: bd47e5a8af091464db40c3a0ecadff83, type: 3}
      propertyPath: m_LocalPosition.z
      value: 13
      objectReference: {fileID: 0}
    - target: {fileID: 4229280175435238, guid: bd47e5a8af091464db40c3a0ecadff83, type: 3}
      propertyPath: m_LocalRotation.x
      value: 0.000000021855694
      objectReference: {fileID: 0}
    - target: {fileID: 4229280175435238, guid: bd47e5a8af091464db40c3a0ecadff83, type: 3}
      propertyPath: m_LocalRotation.y
      value: 0
      objectReference: {fileID: 0}
    - target: {fileID: 4229280175435238, guid: bd47e5a8af091464db40c3a0ecadff83, type: 3}
      propertyPath: m_LocalRotation.z
      value: -0
      objectReference: {fileID: 0}
    - target: {fileID: 4229280175435238, guid: bd47e5a8af091464db40c3a0ecadff83, type: 3}
      propertyPath: m_LocalRotation.w
      value: 1
      objectReference: {fileID: 0}
    - target: {fileID: 4229280175435238, guid: bd47e5a8af091464db40c3a0ecadff83, type: 3}
      propertyPath: m_RootOrder
      value: 44
      objectReference: {fileID: 0}
    m_RemovedComponents: []
  m_SourcePrefab: {fileID: 100100000, guid: bd47e5a8af091464db40c3a0ecadff83, type: 3}
--- !u!1001 &607172560
PrefabInstance:
  m_ObjectHideFlags: 0
  serializedVersion: 2
  m_Modification:
    m_TransformParent: {fileID: 0}
    m_Modifications:
    - target: {fileID: 400006, guid: 01429cb854a69164cb13bc5e1427548e, type: 3}
      propertyPath: m_LocalPosition.x
      value: 65.511826
      objectReference: {fileID: 0}
    - target: {fileID: 400006, guid: 01429cb854a69164cb13bc5e1427548e, type: 3}
      propertyPath: m_LocalPosition.y
      value: 0
      objectReference: {fileID: 0}
    - target: {fileID: 400006, guid: 01429cb854a69164cb13bc5e1427548e, type: 3}
      propertyPath: m_LocalPosition.z
      value: 9
      objectReference: {fileID: 0}
    - target: {fileID: 400006, guid: 01429cb854a69164cb13bc5e1427548e, type: 3}
      propertyPath: m_LocalRotation.x
      value: -3.972184e-15
      objectReference: {fileID: 0}
    - target: {fileID: 400006, guid: 01429cb854a69164cb13bc5e1427548e, type: 3}
      propertyPath: m_LocalRotation.y
      value: 1
      objectReference: {fileID: 0}
    - target: {fileID: 400006, guid: 01429cb854a69164cb13bc5e1427548e, type: 3}
      propertyPath: m_LocalRotation.z
      value: -0.000000021855694
      objectReference: {fileID: 0}
    - target: {fileID: 400006, guid: 01429cb854a69164cb13bc5e1427548e, type: 3}
      propertyPath: m_LocalRotation.w
      value: -0.00000019470718
      objectReference: {fileID: 0}
    - target: {fileID: 400006, guid: 01429cb854a69164cb13bc5e1427548e, type: 3}
      propertyPath: m_RootOrder
      value: 1
      objectReference: {fileID: 0}
    m_RemovedComponents: []
  m_SourcePrefab: {fileID: 100100000, guid: 01429cb854a69164cb13bc5e1427548e, type: 3}
--- !u!1001 &644120879
PrefabInstance:
  m_ObjectHideFlags: 0
  serializedVersion: 2
  m_Modification:
    m_TransformParent: {fileID: 0}
    m_Modifications:
    - target: {fileID: 4538445064271378, guid: a7dd9bf6c1ecd41e3a8ac29e48300bd6, type: 3}
      propertyPath: m_LocalPosition.x
      value: 25
      objectReference: {fileID: 0}
    - target: {fileID: 4538445064271378, guid: a7dd9bf6c1ecd41e3a8ac29e48300bd6, type: 3}
      propertyPath: m_LocalPosition.y
      value: -0
      objectReference: {fileID: 0}
    - target: {fileID: 4538445064271378, guid: a7dd9bf6c1ecd41e3a8ac29e48300bd6, type: 3}
      propertyPath: m_LocalPosition.z
      value: 17
      objectReference: {fileID: 0}
    - target: {fileID: 4538445064271378, guid: a7dd9bf6c1ecd41e3a8ac29e48300bd6, type: 3}
      propertyPath: m_LocalRotation.x
      value: 0.000000021855694
      objectReference: {fileID: 0}
    - target: {fileID: 4538445064271378, guid: a7dd9bf6c1ecd41e3a8ac29e48300bd6, type: 3}
      propertyPath: m_LocalRotation.y
      value: 0
      objectReference: {fileID: 0}
    - target: {fileID: 4538445064271378, guid: a7dd9bf6c1ecd41e3a8ac29e48300bd6, type: 3}
      propertyPath: m_LocalRotation.z
      value: -0
      objectReference: {fileID: 0}
    - target: {fileID: 4538445064271378, guid: a7dd9bf6c1ecd41e3a8ac29e48300bd6, type: 3}
      propertyPath: m_LocalRotation.w
      value: 1
      objectReference: {fileID: 0}
    - target: {fileID: 4538445064271378, guid: a7dd9bf6c1ecd41e3a8ac29e48300bd6, type: 3}
      propertyPath: m_RootOrder
      value: 36
      objectReference: {fileID: 0}
    m_RemovedComponents: []
  m_SourcePrefab: {fileID: 100100000, guid: a7dd9bf6c1ecd41e3a8ac29e48300bd6, type: 3}
--- !u!1001 &694443410
PrefabInstance:
  m_ObjectHideFlags: 0
  serializedVersion: 2
  m_Modification:
    m_TransformParent: {fileID: 0}
    m_Modifications:
    - target: {fileID: 4358216442811646, guid: 103487347611f40f6902d6ec04752055, type: 3}
      propertyPath: m_LocalPosition.x
      value: 12
      objectReference: {fileID: 0}
    - target: {fileID: 4358216442811646, guid: 103487347611f40f6902d6ec04752055, type: 3}
      propertyPath: m_LocalPosition.y
      value: -0
      objectReference: {fileID: 0}
    - target: {fileID: 4358216442811646, guid: 103487347611f40f6902d6ec04752055, type: 3}
      propertyPath: m_LocalPosition.z
      value: 13
      objectReference: {fileID: 0}
    - target: {fileID: 4358216442811646, guid: 103487347611f40f6902d6ec04752055, type: 3}
      propertyPath: m_LocalRotation.x
      value: 0.000000021855694
      objectReference: {fileID: 0}
    - target: {fileID: 4358216442811646, guid: 103487347611f40f6902d6ec04752055, type: 3}
      propertyPath: m_LocalRotation.y
      value: 0
      objectReference: {fileID: 0}
    - target: {fileID: 4358216442811646, guid: 103487347611f40f6902d6ec04752055, type: 3}
      propertyPath: m_LocalRotation.z
      value: -0
      objectReference: {fileID: 0}
    - target: {fileID: 4358216442811646, guid: 103487347611f40f6902d6ec04752055, type: 3}
      propertyPath: m_LocalRotation.w
      value: 1
      objectReference: {fileID: 0}
    - target: {fileID: 4358216442811646, guid: 103487347611f40f6902d6ec04752055, type: 3}
      propertyPath: m_RootOrder
      value: 45
      objectReference: {fileID: 0}
    m_RemovedComponents: []
  m_SourcePrefab: {fileID: 100100000, guid: 103487347611f40f6902d6ec04752055, type: 3}
--- !u!1001 &754173694
PrefabInstance:
  m_ObjectHideFlags: 0
  serializedVersion: 2
  m_Modification:
    m_TransformParent: {fileID: 0}
    m_Modifications:
    - target: {fileID: 400004, guid: 45b2f5fc8fec4bb4b977fe41a9834dfa, type: 3}
      propertyPath: m_LocalPosition.x
      value: 77.8
      objectReference: {fileID: 0}
    - target: {fileID: 400004, guid: 45b2f5fc8fec4bb4b977fe41a9834dfa, type: 3}
      propertyPath: m_LocalPosition.y
      value: 0
      objectReference: {fileID: 0}
    - target: {fileID: 400004, guid: 45b2f5fc8fec4bb4b977fe41a9834dfa, type: 3}
      propertyPath: m_LocalPosition.z
      value: 74.9
      objectReference: {fileID: 0}
    - target: {fileID: 400004, guid: 45b2f5fc8fec4bb4b977fe41a9834dfa, type: 3}
      propertyPath: m_LocalRotation.x
      value: -3.972184e-15
      objectReference: {fileID: 0}
    - target: {fileID: 400004, guid: 45b2f5fc8fec4bb4b977fe41a9834dfa, type: 3}
      propertyPath: m_LocalRotation.y
      value: 1
      objectReference: {fileID: 0}
    - target: {fileID: 400004, guid: 45b2f5fc8fec4bb4b977fe41a9834dfa, type: 3}
      propertyPath: m_LocalRotation.z
      value: -0.000000021855694
      objectReference: {fileID: 0}
    - target: {fileID: 400004, guid: 45b2f5fc8fec4bb4b977fe41a9834dfa, type: 3}
      propertyPath: m_LocalRotation.w
      value: -0.00000019470718
      objectReference: {fileID: 0}
    - target: {fileID: 400004, guid: 45b2f5fc8fec4bb4b977fe41a9834dfa, type: 3}
      propertyPath: m_RootOrder
      value: 6
      objectReference: {fileID: 0}
    m_RemovedComponents: []
  m_SourcePrefab: {fileID: 100100000, guid: 45b2f5fc8fec4bb4b977fe41a9834dfa, type: 3}
--- !u!1001 &768271559
PrefabInstance:
  m_ObjectHideFlags: 0
  serializedVersion: 2
  m_Modification:
    m_TransformParent: {fileID: 0}
    m_Modifications:
    - target: {fileID: 400014, guid: e10e969d23d054044b6cf96482a2b5a3, type: 3}
      propertyPath: m_LocalPosition.x
      value: 46.9
      objectReference: {fileID: 0}
    - target: {fileID: 400014, guid: e10e969d23d054044b6cf96482a2b5a3, type: 3}
      propertyPath: m_LocalPosition.y
      value: 0
      objectReference: {fileID: 0}
    - target: {fileID: 400014, guid: e10e969d23d054044b6cf96482a2b5a3, type: 3}
      propertyPath: m_LocalPosition.z
      value: 56.3
      objectReference: {fileID: 0}
    - target: {fileID: 400014, guid: e10e969d23d054044b6cf96482a2b5a3, type: 3}
      propertyPath: m_LocalRotation.x
      value: -0.00000016292068
      objectReference: {fileID: 0}
    - target: {fileID: 400014, guid: e10e969d23d054044b6cf96482a2b5a3, type: 3}
      propertyPath: m_LocalRotation.y
      value: 1
      objectReference: {fileID: 0}
    - target: {fileID: 400014, guid: e10e969d23d054044b6cf96482a2b5a3, type: 3}
      propertyPath: m_LocalRotation.z
      value: -0.000000037748944
      objectReference: {fileID: 0}
    - target: {fileID: 400014, guid: e10e969d23d054044b6cf96482a2b5a3, type: 3}
      propertyPath: m_LocalRotation.w
      value: 0.000000043711395
      objectReference: {fileID: 0}
    - target: {fileID: 400014, guid: e10e969d23d054044b6cf96482a2b5a3, type: 3}
      propertyPath: m_RootOrder
      value: 12
      objectReference: {fileID: 0}
    m_RemovedComponents: []
  m_SourcePrefab: {fileID: 100100000, guid: e10e969d23d054044b6cf96482a2b5a3, type: 3}
--- !u!1001 &804344569
PrefabInstance:
  m_ObjectHideFlags: 0
  serializedVersion: 2
  m_Modification:
    m_TransformParent: {fileID: 0}
    m_Modifications:
    - target: {fileID: 4034009128387582, guid: 8801b9fd6d9cb4b26a6235f2a456d488, type: 3}
      propertyPath: m_LocalPosition.x
      value: 31
      objectReference: {fileID: 0}
    - target: {fileID: 4034009128387582, guid: 8801b9fd6d9cb4b26a6235f2a456d488, type: 3}
      propertyPath: m_LocalPosition.y
      value: -0
      objectReference: {fileID: 0}
    - target: {fileID: 4034009128387582, guid: 8801b9fd6d9cb4b26a6235f2a456d488, type: 3}
      propertyPath: m_LocalPosition.z
      value: 17
      objectReference: {fileID: 0}
    - target: {fileID: 4034009128387582, guid: 8801b9fd6d9cb4b26a6235f2a456d488, type: 3}
      propertyPath: m_LocalRotation.x
      value: 0.000000021855694
      objectReference: {fileID: 0}
    - target: {fileID: 4034009128387582, guid: 8801b9fd6d9cb4b26a6235f2a456d488, type: 3}
      propertyPath: m_LocalRotation.y
      value: 0
      objectReference: {fileID: 0}
    - target: {fileID: 4034009128387582, guid: 8801b9fd6d9cb4b26a6235f2a456d488, type: 3}
      propertyPath: m_LocalRotation.z
      value: -0
      objectReference: {fileID: 0}
    - target: {fileID: 4034009128387582, guid: 8801b9fd6d9cb4b26a6235f2a456d488, type: 3}
      propertyPath: m_LocalRotation.w
      value: 1
      objectReference: {fileID: 0}
    - target: {fileID: 4034009128387582, guid: 8801b9fd6d9cb4b26a6235f2a456d488, type: 3}
      propertyPath: m_RootOrder
      value: 34
      objectReference: {fileID: 0}
    m_RemovedComponents: []
  m_SourcePrefab: {fileID: 100100000, guid: 8801b9fd6d9cb4b26a6235f2a456d488, type: 3}
--- !u!1001 &815850225
PrefabInstance:
  m_ObjectHideFlags: 0
  serializedVersion: 2
  m_Modification:
    m_TransformParent: {fileID: 0}
    m_Modifications:
    - target: {fileID: 400004, guid: ba0a2d81d6b8a6a4693b5656538d2344, type: 3}
      propertyPath: m_LocalPosition.x
      value: 29.2
      objectReference: {fileID: 0}
    - target: {fileID: 400004, guid: ba0a2d81d6b8a6a4693b5656538d2344, type: 3}
      propertyPath: m_LocalPosition.y
      value: 0
      objectReference: {fileID: 0}
    - target: {fileID: 400004, guid: ba0a2d81d6b8a6a4693b5656538d2344, type: 3}
      propertyPath: m_LocalPosition.z
      value: 74.3
      objectReference: {fileID: 0}
    - target: {fileID: 400004, guid: ba0a2d81d6b8a6a4693b5656538d2344, type: 3}
      propertyPath: m_LocalRotation.x
      value: -3.972184e-15
      objectReference: {fileID: 0}
    - target: {fileID: 400004, guid: ba0a2d81d6b8a6a4693b5656538d2344, type: 3}
      propertyPath: m_LocalRotation.y
      value: 1
      objectReference: {fileID: 0}
    - target: {fileID: 400004, guid: ba0a2d81d6b8a6a4693b5656538d2344, type: 3}
      propertyPath: m_LocalRotation.z
      value: -0.000000021855694
      objectReference: {fileID: 0}
    - target: {fileID: 400004, guid: ba0a2d81d6b8a6a4693b5656538d2344, type: 3}
      propertyPath: m_LocalRotation.w
      value: -0.00000019470718
      objectReference: {fileID: 0}
    - target: {fileID: 400004, guid: ba0a2d81d6b8a6a4693b5656538d2344, type: 3}
      propertyPath: m_RootOrder
      value: 3
      objectReference: {fileID: 0}
    m_RemovedComponents: []
  m_SourcePrefab: {fileID: 100100000, guid: ba0a2d81d6b8a6a4693b5656538d2344, type: 3}
--- !u!1 &818944231
GameObject:
  m_ObjectHideFlags: 0
  m_CorrespondingSourceObject: {fileID: 0}
  m_PrefabInstance: {fileID: 0}
  m_PrefabAsset: {fileID: 0}
  serializedVersion: 6
  m_Component:
  - component: {fileID: 818944235}
  - component: {fileID: 818944234}
  - component: {fileID: 818944233}
  - component: {fileID: 818944232}
  m_Layer: 0
  m_Name: Plane
  m_TagString: Untagged
  m_Icon: {fileID: 0}
  m_NavMeshLayer: 0
  m_StaticEditorFlags: 0
  m_IsActive: 0
--- !u!23 &818944232
MeshRenderer:
  m_ObjectHideFlags: 0
  m_CorrespondingSourceObject: {fileID: 0}
  m_PrefabInstance: {fileID: 0}
  m_PrefabAsset: {fileID: 0}
  m_GameObject: {fileID: 818944231}
  m_Enabled: 1
  m_CastShadows: 1
  m_ReceiveShadows: 1
  m_DynamicOccludee: 1
  m_MotionVectors: 1
  m_LightProbeUsage: 1
  m_ReflectionProbeUsage: 1
  m_RayTracingMode: 2
  m_RenderingLayerMask: 1
  m_RendererPriority: 0
  m_Materials:
  - {fileID: 2100000, guid: 7a77f55715aa7fc4584045c14a58fc7a, type: 2}
  m_StaticBatchInfo:
    firstSubMesh: 0
    subMeshCount: 0
  m_StaticBatchRoot: {fileID: 0}
  m_ProbeAnchor: {fileID: 0}
  m_LightProbeVolumeOverride: {fileID: 0}
  m_ScaleInLightmap: 1
  m_ReceiveGI: 1
  m_PreserveUVs: 1
  m_IgnoreNormalsForChartDetection: 0
  m_ImportantGI: 0
  m_StitchLightmapSeams: 1
  m_SelectedEditorRenderState: 3
  m_MinimumChartSize: 4
  m_AutoUVMaxDistance: 0.5
  m_AutoUVMaxAngle: 89
  m_LightmapParameters: {fileID: 0}
  m_SortingLayerID: 0
  m_SortingLayer: 0
  m_SortingOrder: 0
--- !u!64 &818944233
MeshCollider:
  m_ObjectHideFlags: 0
  m_CorrespondingSourceObject: {fileID: 0}
  m_PrefabInstance: {fileID: 0}
  m_PrefabAsset: {fileID: 0}
  m_GameObject: {fileID: 818944231}
  m_Material: {fileID: 0}
  m_IsTrigger: 0
  m_Enabled: 1
  serializedVersion: 4
  m_Convex: 0
  m_CookingOptions: 30
  m_Mesh: {fileID: 10209, guid: 0000000000000000e000000000000000, type: 0}
--- !u!33 &818944234
MeshFilter:
  m_ObjectHideFlags: 0
  m_CorrespondingSourceObject: {fileID: 0}
  m_PrefabInstance: {fileID: 0}
  m_PrefabAsset: {fileID: 0}
  m_GameObject: {fileID: 818944231}
  m_Mesh: {fileID: 10209, guid: 0000000000000000e000000000000000, type: 0}
--- !u!4 &818944235
Transform:
  m_ObjectHideFlags: 0
  m_CorrespondingSourceObject: {fileID: 0}
  m_PrefabInstance: {fileID: 0}
  m_PrefabAsset: {fileID: 0}
  m_GameObject: {fileID: 818944231}
  m_LocalRotation: {x: 0, y: 0, z: 0, w: 1}
  m_LocalPosition: {x: 0, y: 0, z: 0}
  m_LocalScale: {x: 500, y: 1, z: 500}
  m_Children: []
  m_Father: {fileID: 0}
  m_RootOrder: 46
  m_LocalEulerAnglesHint: {x: 0, y: 0, z: 0}
--- !u!1001 &852622403
PrefabInstance:
  m_ObjectHideFlags: 0
  serializedVersion: 2
  m_Modification:
    m_TransformParent: {fileID: 0}
    m_Modifications:
    - target: {fileID: 4729430937545626, guid: 4c28203cfd92440b4bbbfb34ef44b6ea, type: 3}
      propertyPath: m_LocalPosition.x
      value: -23
      objectReference: {fileID: 0}
    - target: {fileID: 4729430937545626, guid: 4c28203cfd92440b4bbbfb34ef44b6ea, type: 3}
      propertyPath: m_LocalPosition.y
      value: -0
      objectReference: {fileID: 0}
    - target: {fileID: 4729430937545626, guid: 4c28203cfd92440b4bbbfb34ef44b6ea, type: 3}
      propertyPath: m_LocalPosition.z
      value: 21
      objectReference: {fileID: 0}
    - target: {fileID: 4729430937545626, guid: 4c28203cfd92440b4bbbfb34ef44b6ea, type: 3}
      propertyPath: m_LocalRotation.x
      value: 4.316693e-15
      objectReference: {fileID: 0}
    - target: {fileID: 4729430937545626, guid: 4c28203cfd92440b4bbbfb34ef44b6ea, type: 3}
      propertyPath: m_LocalRotation.y
      value: 1
      objectReference: {fileID: 0}
    - target: {fileID: 4729430937545626, guid: 4c28203cfd92440b4bbbfb34ef44b6ea, type: 3}
      propertyPath: m_LocalRotation.z
      value: -0.000000021855694
      objectReference: {fileID: 0}
    - target: {fileID: 4729430937545626, guid: 4c28203cfd92440b4bbbfb34ef44b6ea, type: 3}
      propertyPath: m_LocalRotation.w
      value: 0.00000019470718
      objectReference: {fileID: 0}
    - target: {fileID: 4729430937545626, guid: 4c28203cfd92440b4bbbfb34ef44b6ea, type: 3}
      propertyPath: m_RootOrder
      value: 19
      objectReference: {fileID: 0}
    m_RemovedComponents: []
  m_SourcePrefab: {fileID: 100100000, guid: 4c28203cfd92440b4bbbfb34ef44b6ea, type: 3}
--- !u!1001 &893257060
PrefabInstance:
  m_ObjectHideFlags: 0
  serializedVersion: 2
  m_Modification:
    m_TransformParent: {fileID: 0}
    m_Modifications:
    - target: {fileID: 400004, guid: 2f32a937a9d0c754cada22bca10f989e, type: 3}
      propertyPath: m_LocalPosition.x
      value: 66.2
      objectReference: {fileID: 0}
    - target: {fileID: 400004, guid: 2f32a937a9d0c754cada22bca10f989e, type: 3}
      propertyPath: m_LocalPosition.y
      value: 0
      objectReference: {fileID: 0}
    - target: {fileID: 400004, guid: 2f32a937a9d0c754cada22bca10f989e, type: 3}
      propertyPath: m_LocalPosition.z
      value: 56.6
      objectReference: {fileID: 0}
    - target: {fileID: 400004, guid: 2f32a937a9d0c754cada22bca10f989e, type: 3}
      propertyPath: m_LocalRotation.x
      value: -3.972184e-15
      objectReference: {fileID: 0}
    - target: {fileID: 400004, guid: 2f32a937a9d0c754cada22bca10f989e, type: 3}
      propertyPath: m_LocalRotation.y
      value: 1
      objectReference: {fileID: 0}
    - target: {fileID: 400004, guid: 2f32a937a9d0c754cada22bca10f989e, type: 3}
      propertyPath: m_LocalRotation.z
      value: -0.000000021855694
      objectReference: {fileID: 0}
    - target: {fileID: 400004, guid: 2f32a937a9d0c754cada22bca10f989e, type: 3}
      propertyPath: m_LocalRotation.w
      value: -0.00000019470718
      objectReference: {fileID: 0}
    - target: {fileID: 400004, guid: 2f32a937a9d0c754cada22bca10f989e, type: 3}
      propertyPath: m_RootOrder
      value: 11
      objectReference: {fileID: 0}
    m_RemovedComponents: []
  m_SourcePrefab: {fileID: 100100000, guid: 2f32a937a9d0c754cada22bca10f989e, type: 3}
--- !u!1001 &939509639
PrefabInstance:
  m_ObjectHideFlags: 0
  serializedVersion: 2
  m_Modification:
    m_TransformParent: {fileID: 0}
    m_Modifications:
    - target: {fileID: 4289617139039272, guid: ed10223483f5b45a2afd744d12401055, type: 3}
      propertyPath: m_LocalPosition.x
      value: -1
      objectReference: {fileID: 0}
    - target: {fileID: 4289617139039272, guid: ed10223483f5b45a2afd744d12401055, type: 3}
      propertyPath: m_LocalPosition.y
      value: -0
      objectReference: {fileID: 0}
    - target: {fileID: 4289617139039272, guid: ed10223483f5b45a2afd744d12401055, type: 3}
      propertyPath: m_LocalPosition.z
      value: 22
      objectReference: {fileID: 0}
    - target: {fileID: 4289617139039272, guid: ed10223483f5b45a2afd744d12401055, type: 3}
      propertyPath: m_LocalRotation.x
      value: 0.000000021855694
      objectReference: {fileID: 0}
    - target: {fileID: 4289617139039272, guid: ed10223483f5b45a2afd744d12401055, type: 3}
      propertyPath: m_LocalRotation.y
      value: 0
      objectReference: {fileID: 0}
    - target: {fileID: 4289617139039272, guid: ed10223483f5b45a2afd744d12401055, type: 3}
      propertyPath: m_LocalRotation.z
      value: -0
      objectReference: {fileID: 0}
    - target: {fileID: 4289617139039272, guid: ed10223483f5b45a2afd744d12401055, type: 3}
      propertyPath: m_LocalRotation.w
      value: 1
      objectReference: {fileID: 0}
    - target: {fileID: 4289617139039272, guid: ed10223483f5b45a2afd744d12401055, type: 3}
      propertyPath: m_RootOrder
      value: 23
      objectReference: {fileID: 0}
    m_RemovedComponents: []
  m_SourcePrefab: {fileID: 100100000, guid: ed10223483f5b45a2afd744d12401055, type: 3}
--- !u!1001 &945669158
PrefabInstance:
  m_ObjectHideFlags: 0
  serializedVersion: 2
  m_Modification:
    m_TransformParent: {fileID: 0}
    m_Modifications:
    - target: {fileID: 4317516061158328, guid: 53ccd1967a3ec4ce4b274e73f02f0af1, type: 3}
      propertyPath: m_LocalPosition.x
      value: -3
      objectReference: {fileID: 0}
    - target: {fileID: 4317516061158328, guid: 53ccd1967a3ec4ce4b274e73f02f0af1, type: 3}
      propertyPath: m_LocalPosition.y
      value: -0
      objectReference: {fileID: 0}
    - target: {fileID: 4317516061158328, guid: 53ccd1967a3ec4ce4b274e73f02f0af1, type: 3}
      propertyPath: m_LocalPosition.z
      value: 22
      objectReference: {fileID: 0}
    - target: {fileID: 4317516061158328, guid: 53ccd1967a3ec4ce4b274e73f02f0af1, type: 3}
      propertyPath: m_LocalRotation.x
      value: 0.000000021855694
      objectReference: {fileID: 0}
    - target: {fileID: 4317516061158328, guid: 53ccd1967a3ec4ce4b274e73f02f0af1, type: 3}
      propertyPath: m_LocalRotation.y
      value: 0
      objectReference: {fileID: 0}
    - target: {fileID: 4317516061158328, guid: 53ccd1967a3ec4ce4b274e73f02f0af1, type: 3}
      propertyPath: m_LocalRotation.z
      value: -0
      objectReference: {fileID: 0}
    - target: {fileID: 4317516061158328, guid: 53ccd1967a3ec4ce4b274e73f02f0af1, type: 3}
      propertyPath: m_LocalRotation.w
      value: 1
      objectReference: {fileID: 0}
    - target: {fileID: 4317516061158328, guid: 53ccd1967a3ec4ce4b274e73f02f0af1, type: 3}
      propertyPath: m_RootOrder
      value: 21
      objectReference: {fileID: 0}
    m_RemovedComponents: []
  m_SourcePrefab: {fileID: 100100000, guid: 53ccd1967a3ec4ce4b274e73f02f0af1, type: 3}
--- !u!1001 &954364230
PrefabInstance:
  m_ObjectHideFlags: 0
  serializedVersion: 2
  m_Modification:
    m_TransformParent: {fileID: 0}
    m_Modifications:
    - target: {fileID: 4646677044211518, guid: 1e37ec716af65460283b4b9e8e5197d0, type: 3}
      propertyPath: m_LocalPosition.x
      value: 19
      objectReference: {fileID: 0}
    - target: {fileID: 4646677044211518, guid: 1e37ec716af65460283b4b9e8e5197d0, type: 3}
      propertyPath: m_LocalPosition.y
      value: -0
      objectReference: {fileID: 0}
    - target: {fileID: 4646677044211518, guid: 1e37ec716af65460283b4b9e8e5197d0, type: 3}
      propertyPath: m_LocalPosition.z
      value: 13
      objectReference: {fileID: 0}
    - target: {fileID: 4646677044211518, guid: 1e37ec716af65460283b4b9e8e5197d0, type: 3}
      propertyPath: m_LocalRotation.x
      value: 0.000000021855694
      objectReference: {fileID: 0}
    - target: {fileID: 4646677044211518, guid: 1e37ec716af65460283b4b9e8e5197d0, type: 3}
      propertyPath: m_LocalRotation.y
      value: 0
      objectReference: {fileID: 0}
    - target: {fileID: 4646677044211518, guid: 1e37ec716af65460283b4b9e8e5197d0, type: 3}
      propertyPath: m_LocalRotation.z
      value: -0
      objectReference: {fileID: 0}
    - target: {fileID: 4646677044211518, guid: 1e37ec716af65460283b4b9e8e5197d0, type: 3}
      propertyPath: m_LocalRotation.w
      value: 1
      objectReference: {fileID: 0}
    - target: {fileID: 4646677044211518, guid: 1e37ec716af65460283b4b9e8e5197d0, type: 3}
      propertyPath: m_RootOrder
      value: 43
      objectReference: {fileID: 0}
    m_RemovedComponents: []
  m_SourcePrefab: {fileID: 100100000, guid: 1e37ec716af65460283b4b9e8e5197d0, type: 3}
--- !u!1001 &964543581
PrefabInstance:
  m_ObjectHideFlags: 0
  serializedVersion: 2
  m_Modification:
    m_TransformParent: {fileID: 0}
    m_Modifications:
    - target: {fileID: 400008, guid: f930812b6543ac8409c03122e5a17933, type: 3}
      propertyPath: m_LocalPosition.x
      value: 9.6
      objectReference: {fileID: 0}
    - target: {fileID: 400008, guid: f930812b6543ac8409c03122e5a17933, type: 3}
      propertyPath: m_LocalPosition.y
      value: -0
      objectReference: {fileID: 0}
    - target: {fileID: 400008, guid: f930812b6543ac8409c03122e5a17933, type: 3}
      propertyPath: m_LocalPosition.z
      value: 74.6
      objectReference: {fileID: 0}
    - target: {fileID: 400008, guid: f930812b6543ac8409c03122e5a17933, type: 3}
      propertyPath: m_LocalRotation.x
      value: -3.972184e-15
      objectReference: {fileID: 0}
    - target: {fileID: 400008, guid: f930812b6543ac8409c03122e5a17933, type: 3}
      propertyPath: m_LocalRotation.y
      value: 1
      objectReference: {fileID: 0}
    - target: {fileID: 400008, guid: f930812b6543ac8409c03122e5a17933, type: 3}
      propertyPath: m_LocalRotation.z
      value: -0.000000021855694
      objectReference: {fileID: 0}
    - target: {fileID: 400008, guid: f930812b6543ac8409c03122e5a17933, type: 3}
      propertyPath: m_LocalRotation.w
      value: -0.00000019470718
      objectReference: {fileID: 0}
    - target: {fileID: 400008, guid: f930812b6543ac8409c03122e5a17933, type: 3}
      propertyPath: m_RootOrder
      value: 7
      objectReference: {fileID: 0}
    m_RemovedComponents: []
  m_SourcePrefab: {fileID: 100100000, guid: f930812b6543ac8409c03122e5a17933, type: 3}
--- !u!1001 &1018881127
PrefabInstance:
  m_ObjectHideFlags: 0
  serializedVersion: 2
  m_Modification:
    m_TransformParent: {fileID: 0}
    m_Modifications:
    - target: {fileID: 4987572797318048, guid: 04857542b5ba84f589dba15ae6ddf976, type: 3}
      propertyPath: m_LocalPosition.x
      value: -6
      objectReference: {fileID: 0}
    - target: {fileID: 4987572797318048, guid: 04857542b5ba84f589dba15ae6ddf976, type: 3}
      propertyPath: m_LocalPosition.y
      value: 0
      objectReference: {fileID: 0}
    - target: {fileID: 4987572797318048, guid: 04857542b5ba84f589dba15ae6ddf976, type: 3}
      propertyPath: m_LocalPosition.z
      value: 12
      objectReference: {fileID: 0}
    - target: {fileID: 4987572797318048, guid: 04857542b5ba84f589dba15ae6ddf976, type: 3}
      propertyPath: m_LocalRotation.x
      value: 0.000000021855694
      objectReference: {fileID: 0}
    - target: {fileID: 4987572797318048, guid: 04857542b5ba84f589dba15ae6ddf976, type: 3}
      propertyPath: m_LocalRotation.y
      value: 0
      objectReference: {fileID: 0}
    - target: {fileID: 4987572797318048, guid: 04857542b5ba84f589dba15ae6ddf976, type: 3}
      propertyPath: m_LocalRotation.z
      value: -0
      objectReference: {fileID: 0}
    - target: {fileID: 4987572797318048, guid: 04857542b5ba84f589dba15ae6ddf976, type: 3}
      propertyPath: m_LocalRotation.w
      value: 1
      objectReference: {fileID: 0}
    - target: {fileID: 4987572797318048, guid: 04857542b5ba84f589dba15ae6ddf976, type: 3}
      propertyPath: m_RootOrder
      value: 32
      objectReference: {fileID: 0}
    m_RemovedComponents: []
  m_SourcePrefab: {fileID: 100100000, guid: 04857542b5ba84f589dba15ae6ddf976, type: 3}
--- !u!1001 &1019904550
PrefabInstance:
  m_ObjectHideFlags: 0
  serializedVersion: 2
  m_Modification:
    m_TransformParent: {fileID: 0}
    m_Modifications:
    - target: {fileID: 4333852031701680, guid: 402cdc6b95a384221b093f87436ae0f4, type: 3}
      propertyPath: m_LocalPosition.x
      value: -1
      objectReference: {fileID: 0}
    - target: {fileID: 4844516230528738, guid: 402cdc6b95a384221b093f87436ae0f4, type: 3}
      propertyPath: m_LocalPosition.x
      value: -11
      objectReference: {fileID: 0}
    - target: {fileID: 4844516230528738, guid: 402cdc6b95a384221b093f87436ae0f4, type: 3}
      propertyPath: m_LocalPosition.y
      value: 0
      objectReference: {fileID: 0}
    - target: {fileID: 4844516230528738, guid: 402cdc6b95a384221b093f87436ae0f4, type: 3}
      propertyPath: m_LocalPosition.z
      value: 12
      objectReference: {fileID: 0}
    - target: {fileID: 4844516230528738, guid: 402cdc6b95a384221b093f87436ae0f4, type: 3}
      propertyPath: m_LocalRotation.x
      value: 0.000000021855694
      objectReference: {fileID: 0}
    - target: {fileID: 4844516230528738, guid: 402cdc6b95a384221b093f87436ae0f4, type: 3}
      propertyPath: m_LocalRotation.y
      value: 0
      objectReference: {fileID: 0}
    - target: {fileID: 4844516230528738, guid: 402cdc6b95a384221b093f87436ae0f4, type: 3}
      propertyPath: m_LocalRotation.z
      value: -0
      objectReference: {fileID: 0}
    - target: {fileID: 4844516230528738, guid: 402cdc6b95a384221b093f87436ae0f4, type: 3}
      propertyPath: m_LocalRotation.w
      value: 1
      objectReference: {fileID: 0}
    - target: {fileID: 4844516230528738, guid: 402cdc6b95a384221b093f87436ae0f4, type: 3}
      propertyPath: m_RootOrder
      value: 31
      objectReference: {fileID: 0}
    m_RemovedComponents: []
  m_SourcePrefab: {fileID: 100100000, guid: 402cdc6b95a384221b093f87436ae0f4, type: 3}
--- !u!1001 &1045784443
PrefabInstance:
  m_ObjectHideFlags: 0
  serializedVersion: 2
  m_Modification:
    m_TransformParent: {fileID: 0}
    m_Modifications:
    - target: {fileID: 4791790730102178, guid: c91605892f28c47428a59f2afddc1774, type: 3}
      propertyPath: m_LocalPosition.x
      value: 0
      objectReference: {fileID: 0}
    - target: {fileID: 4791790730102178, guid: c91605892f28c47428a59f2afddc1774, type: 3}
      propertyPath: m_LocalPosition.y
      value: 0
      objectReference: {fileID: 0}
    - target: {fileID: 4791790730102178, guid: c91605892f28c47428a59f2afddc1774, type: 3}
      propertyPath: m_LocalPosition.z
      value: 0
      objectReference: {fileID: 0}
    - target: {fileID: 4791790730102178, guid: c91605892f28c47428a59f2afddc1774, type: 3}
      propertyPath: m_LocalRotation.x
      value: 0.000000021855694
      objectReference: {fileID: 0}
    - target: {fileID: 4791790730102178, guid: c91605892f28c47428a59f2afddc1774, type: 3}
      propertyPath: m_LocalRotation.y
      value: 0
      objectReference: {fileID: 0}
    - target: {fileID: 4791790730102178, guid: c91605892f28c47428a59f2afddc1774, type: 3}
      propertyPath: m_LocalRotation.z
      value: -0
      objectReference: {fileID: 0}
    - target: {fileID: 4791790730102178, guid: c91605892f28c47428a59f2afddc1774, type: 3}
      propertyPath: m_LocalRotation.w
      value: 1
      objectReference: {fileID: 0}
    - target: {fileID: 4791790730102178, guid: c91605892f28c47428a59f2afddc1774, type: 3}
      propertyPath: m_RootOrder
      value: 33
      objectReference: {fileID: 0}
    m_RemovedComponents: []
  m_SourcePrefab: {fileID: 100100000, guid: c91605892f28c47428a59f2afddc1774, type: 3}
--- !u!1001 &1142199845
PrefabInstance:
  m_ObjectHideFlags: 0
  serializedVersion: 2
  m_Modification:
    m_TransformParent: {fileID: 0}
    m_Modifications:
    - target: {fileID: 4431316854486196, guid: 0b78ac807cb65464b8e10ac648970577, type: 3}
      propertyPath: m_LocalPosition.x
      value: 2
      objectReference: {fileID: 0}
    - target: {fileID: 4431316854486196, guid: 0b78ac807cb65464b8e10ac648970577, type: 3}
      propertyPath: m_LocalPosition.y
      value: 0
      objectReference: {fileID: 0}
    - target: {fileID: 4431316854486196, guid: 0b78ac807cb65464b8e10ac648970577, type: 3}
      propertyPath: m_LocalPosition.z
      value: 22
      objectReference: {fileID: 0}
    - target: {fileID: 4431316854486196, guid: 0b78ac807cb65464b8e10ac648970577, type: 3}
      propertyPath: m_LocalRotation.x
      value: 0.000000021855694
      objectReference: {fileID: 0}
    - target: {fileID: 4431316854486196, guid: 0b78ac807cb65464b8e10ac648970577, type: 3}
      propertyPath: m_LocalRotation.y
      value: 0
      objectReference: {fileID: 0}
    - target: {fileID: 4431316854486196, guid: 0b78ac807cb65464b8e10ac648970577, type: 3}
      propertyPath: m_LocalRotation.z
      value: -0
      objectReference: {fileID: 0}
    - target: {fileID: 4431316854486196, guid: 0b78ac807cb65464b8e10ac648970577, type: 3}
      propertyPath: m_LocalRotation.w
      value: 1
      objectReference: {fileID: 0}
    - target: {fileID: 4431316854486196, guid: 0b78ac807cb65464b8e10ac648970577, type: 3}
      propertyPath: m_RootOrder
      value: 25
      objectReference: {fileID: 0}
    m_RemovedComponents: []
  m_SourcePrefab: {fileID: 100100000, guid: 0b78ac807cb65464b8e10ac648970577, type: 3}
--- !u!1001 &1182238921
PrefabInstance:
  m_ObjectHideFlags: 0
  serializedVersion: 2
  m_Modification:
    m_TransformParent: {fileID: 0}
    m_Modifications:
    - target: {fileID: 4267501146462834, guid: 8b40d8a78615c4286a48cd86909e461e, type: 3}
      propertyPath: m_LocalPosition.x
      value: 19
      objectReference: {fileID: 0}
    - target: {fileID: 4267501146462834, guid: 8b40d8a78615c4286a48cd86909e461e, type: 3}
      propertyPath: m_LocalPosition.y
      value: -0
      objectReference: {fileID: 0}
    - target: {fileID: 4267501146462834, guid: 8b40d8a78615c4286a48cd86909e461e, type: 3}
      propertyPath: m_LocalPosition.z
      value: 17
      objectReference: {fileID: 0}
    - target: {fileID: 4267501146462834, guid: 8b40d8a78615c4286a48cd86909e461e, type: 3}
      propertyPath: m_LocalRotation.x
      value: 0.000000021855694
      objectReference: {fileID: 0}
    - target: {fileID: 4267501146462834, guid: 8b40d8a78615c4286a48cd86909e461e, type: 3}
      propertyPath: m_LocalRotation.y
      value: 0
      objectReference: {fileID: 0}
    - target: {fileID: 4267501146462834, guid: 8b40d8a78615c4286a48cd86909e461e, type: 3}
      propertyPath: m_LocalRotation.z
      value: -0
      objectReference: {fileID: 0}
    - target: {fileID: 4267501146462834, guid: 8b40d8a78615c4286a48cd86909e461e, type: 3}
      propertyPath: m_LocalRotation.w
      value: 1
      objectReference: {fileID: 0}
    - target: {fileID: 4267501146462834, guid: 8b40d8a78615c4286a48cd86909e461e, type: 3}
      propertyPath: m_RootOrder
      value: 38
      objectReference: {fileID: 0}
    m_RemovedComponents: []
  m_SourcePrefab: {fileID: 100100000, guid: 8b40d8a78615c4286a48cd86909e461e, type: 3}
--- !u!1 &1422844846
GameObject:
  m_ObjectHideFlags: 0
  m_CorrespondingSourceObject: {fileID: 0}
  m_PrefabInstance: {fileID: 0}
  m_PrefabAsset: {fileID: 0}
  serializedVersion: 6
  m_Component:
  - component: {fileID: 1422844851}
  - component: {fileID: 1422844850}
  - component: {fileID: 1422844848}
  - component: {fileID: 1422844847}
  m_Layer: 0
  m_Name: Main Camera
  m_TagString: MainCamera
  m_Icon: {fileID: 0}
  m_NavMeshLayer: 0
  m_StaticEditorFlags: 0
  m_IsActive: 1
--- !u!81 &1422844847
AudioListener:
  m_ObjectHideFlags: 0
  m_CorrespondingSourceObject: {fileID: 0}
  m_PrefabInstance: {fileID: 0}
  m_PrefabAsset: {fileID: 0}
  m_GameObject: {fileID: 1422844846}
  m_Enabled: 1
--- !u!124 &1422844848
Behaviour:
  m_ObjectHideFlags: 0
  m_CorrespondingSourceObject: {fileID: 0}
  m_PrefabInstance: {fileID: 0}
  m_PrefabAsset: {fileID: 0}
  m_GameObject: {fileID: 1422844846}
  m_Enabled: 1
--- !u!20 &1422844850
Camera:
  m_ObjectHideFlags: 0
  m_CorrespondingSourceObject: {fileID: 0}
  m_PrefabInstance: {fileID: 0}
  m_PrefabAsset: {fileID: 0}
  m_GameObject: {fileID: 1422844846}
  m_Enabled: 1
  serializedVersion: 2
  m_ClearFlags: 1
  m_BackGroundColor: {r: 0.19215687, g: 0.3019608, b: 0.4745098, a: 0}
  m_projectionMatrixMode: 1
  m_GateFitMode: 2
  m_FOVAxisMode: 0
  m_SensorSize: {x: 36, y: 24}
  m_LensShift: {x: 0, y: 0}
  m_FocalLength: 50
  m_NormalizedViewPortRect:
    serializedVersion: 2
    x: 0
    y: 0
    width: 1
    height: 1
  near clip plane: 0.3
  far clip plane: 1000
  field of view: 60
  orthographic: 0
  orthographic size: 5
  m_Depth: -1
  m_CullingMask:
    serializedVersion: 2
    m_Bits: 4294967295
  m_RenderingPath: -1
  m_TargetTexture: {fileID: 0}
  m_TargetDisplay: 0
  m_TargetEye: 3
  m_HDR: 0
  m_AllowMSAA: 1
  m_AllowDynamicResolution: 0
  m_ForceIntoRT: 0
  m_OcclusionCulling: 1
  m_StereoConvergence: 10
  m_StereoSeparation: 0.022
--- !u!4 &1422844851
Transform:
  m_ObjectHideFlags: 0
  m_CorrespondingSourceObject: {fileID: 0}
  m_PrefabInstance: {fileID: 0}
  m_PrefabAsset: {fileID: 0}
  m_GameObject: {fileID: 1422844846}
  m_LocalRotation: {x: 0.034665197, y: 0.9638448, z: -0.15752873, w: 0.21209969}
  m_LocalPosition: {x: -9.354412, y: 11.536587, z: 71.247986}
  m_LocalScale: {x: 1, y: 1, z: 1}
  m_Children: []
  m_Father: {fileID: 0}
  m_RootOrder: 0
  m_LocalEulerAnglesHint: {x: 0, y: 0, z: 0}
--- !u!1001 &1438296391
PrefabInstance:
  m_ObjectHideFlags: 0
  serializedVersion: 2
  m_Modification:
    m_TransformParent: {fileID: 0}
    m_Modifications:
    - target: {fileID: 4753645798399562, guid: bb43b0405c98f43d89416e9c84a21e55, type: 3}
      propertyPath: m_LocalPosition.x
      value: 28
      objectReference: {fileID: 0}
    - target: {fileID: 4753645798399562, guid: bb43b0405c98f43d89416e9c84a21e55, type: 3}
      propertyPath: m_LocalPosition.y
      value: -0
      objectReference: {fileID: 0}
    - target: {fileID: 4753645798399562, guid: bb43b0405c98f43d89416e9c84a21e55, type: 3}
      propertyPath: m_LocalPosition.z
      value: 17
      objectReference: {fileID: 0}
    - target: {fileID: 4753645798399562, guid: bb43b0405c98f43d89416e9c84a21e55, type: 3}
      propertyPath: m_LocalRotation.x
      value: 0.000000021855694
      objectReference: {fileID: 0}
    - target: {fileID: 4753645798399562, guid: bb43b0405c98f43d89416e9c84a21e55, type: 3}
      propertyPath: m_LocalRotation.y
      value: 0
      objectReference: {fileID: 0}
    - target: {fileID: 4753645798399562, guid: bb43b0405c98f43d89416e9c84a21e55, type: 3}
      propertyPath: m_LocalRotation.z
      value: -0
      objectReference: {fileID: 0}
    - target: {fileID: 4753645798399562, guid: bb43b0405c98f43d89416e9c84a21e55, type: 3}
      propertyPath: m_LocalRotation.w
      value: 1
      objectReference: {fileID: 0}
    - target: {fileID: 4753645798399562, guid: bb43b0405c98f43d89416e9c84a21e55, type: 3}
      propertyPath: m_RootOrder
      value: 35
      objectReference: {fileID: 0}
    m_RemovedComponents: []
  m_SourcePrefab: {fileID: 100100000, guid: bb43b0405c98f43d89416e9c84a21e55, type: 3}
--- !u!1001 &1449601929
PrefabInstance:
  m_ObjectHideFlags: 0
  serializedVersion: 2
  m_Modification:
    m_TransformParent: {fileID: 0}
    m_Modifications:
    - target: {fileID: 400014, guid: c895ad666d15e4142939088ae73eb93f, type: 3}
      propertyPath: m_LocalPosition.x
      value: 28.5
      objectReference: {fileID: 0}
    - target: {fileID: 400014, guid: c895ad666d15e4142939088ae73eb93f, type: 3}
      propertyPath: m_LocalPosition.y
      value: 0
      objectReference: {fileID: 0}
    - target: {fileID: 400014, guid: c895ad666d15e4142939088ae73eb93f, type: 3}
      propertyPath: m_LocalPosition.z
      value: 56.3
      objectReference: {fileID: 0}
    - target: {fileID: 400014, guid: c895ad666d15e4142939088ae73eb93f, type: 3}
      propertyPath: m_LocalRotation.x
      value: -0.00000016292068
      objectReference: {fileID: 0}
    - target: {fileID: 400014, guid: c895ad666d15e4142939088ae73eb93f, type: 3}
      propertyPath: m_LocalRotation.y
      value: 1
      objectReference: {fileID: 0}
    - target: {fileID: 400014, guid: c895ad666d15e4142939088ae73eb93f, type: 3}
      propertyPath: m_LocalRotation.z
      value: -0.000000037748944
      objectReference: {fileID: 0}
    - target: {fileID: 400014, guid: c895ad666d15e4142939088ae73eb93f, type: 3}
      propertyPath: m_LocalRotation.w
      value: 0.000000043711395
      objectReference: {fileID: 0}
    - target: {fileID: 400014, guid: c895ad666d15e4142939088ae73eb93f, type: 3}
      propertyPath: m_RootOrder
      value: 13
      objectReference: {fileID: 0}
    m_RemovedComponents: []
  m_SourcePrefab: {fileID: 100100000, guid: c895ad666d15e4142939088ae73eb93f, type: 3}
--- !u!1001 &1486406830
PrefabInstance:
  m_ObjectHideFlags: 0
  serializedVersion: 2
  m_Modification:
    m_TransformParent: {fileID: 0}
    m_Modifications:
    - target: {fileID: 4996823550518124, guid: d545f5817f85f4f6facc0a0d2fd94d33, type: 3}
      propertyPath: m_LocalPosition.x
      value: -2
      objectReference: {fileID: 0}
    - target: {fileID: 4996823550518124, guid: d545f5817f85f4f6facc0a0d2fd94d33, type: 3}
      propertyPath: m_LocalPosition.y
      value: -0
      objectReference: {fileID: 0}
    - target: {fileID: 4996823550518124, guid: d545f5817f85f4f6facc0a0d2fd94d33, type: 3}
      propertyPath: m_LocalPosition.z
      value: 22
      objectReference: {fileID: 0}
    - target: {fileID: 4996823550518124, guid: d545f5817f85f4f6facc0a0d2fd94d33, type: 3}
      propertyPath: m_LocalRotation.x
      value: 0.000000021855694
      objectReference: {fileID: 0}
    - target: {fileID: 4996823550518124, guid: d545f5817f85f4f6facc0a0d2fd94d33, type: 3}
      propertyPath: m_LocalRotation.y
      value: 0
      objectReference: {fileID: 0}
    - target: {fileID: 4996823550518124, guid: d545f5817f85f4f6facc0a0d2fd94d33, type: 3}
      propertyPath: m_LocalRotation.z
      value: -0
      objectReference: {fileID: 0}
    - target: {fileID: 4996823550518124, guid: d545f5817f85f4f6facc0a0d2fd94d33, type: 3}
      propertyPath: m_LocalRotation.w
      value: 1
      objectReference: {fileID: 0}
    - target: {fileID: 4996823550518124, guid: d545f5817f85f4f6facc0a0d2fd94d33, type: 3}
      propertyPath: m_RootOrder
      value: 22
      objectReference: {fileID: 0}
    m_RemovedComponents: []
  m_SourcePrefab: {fileID: 100100000, guid: d545f5817f85f4f6facc0a0d2fd94d33, type: 3}
--- !u!1001 &1487411346
PrefabInstance:
  m_ObjectHideFlags: 0
  serializedVersion: 2
  m_Modification:
    m_TransformParent: {fileID: 0}
    m_Modifications:
    - target: {fileID: 400004, guid: 04e93dca71ed2c041ad53bae2efb2012, type: 3}
      propertyPath: m_LocalPosition.x
      value: -12.4
      objectReference: {fileID: 0}
    - target: {fileID: 400004, guid: 04e93dca71ed2c041ad53bae2efb2012, type: 3}
      propertyPath: m_LocalPosition.y
      value: -0
      objectReference: {fileID: 0}
    - target: {fileID: 400004, guid: 04e93dca71ed2c041ad53bae2efb2012, type: 3}
      propertyPath: m_LocalPosition.z
      value: 70
      objectReference: {fileID: 0}
    - target: {fileID: 400004, guid: 04e93dca71ed2c041ad53bae2efb2012, type: 3}
      propertyPath: m_LocalRotation.x
      value: -3.972184e-15
      objectReference: {fileID: 0}
    - target: {fileID: 400004, guid: 04e93dca71ed2c041ad53bae2efb2012, type: 3}
      propertyPath: m_LocalRotation.y
      value: 1
      objectReference: {fileID: 0}
    - target: {fileID: 400004, guid: 04e93dca71ed2c041ad53bae2efb2012, type: 3}
      propertyPath: m_LocalRotation.z
      value: -0.000000021855694
      objectReference: {fileID: 0}
    - target: {fileID: 400004, guid: 04e93dca71ed2c041ad53bae2efb2012, type: 3}
      propertyPath: m_LocalRotation.w
      value: -0.00000019470718
      objectReference: {fileID: 0}
    - target: {fileID: 400004, guid: 04e93dca71ed2c041ad53bae2efb2012, type: 3}
      propertyPath: m_RootOrder
      value: 15
      objectReference: {fileID: 0}
    m_RemovedComponents: []
  m_SourcePrefab: {fileID: 100100000, guid: 04e93dca71ed2c041ad53bae2efb2012, type: 3}
--- !u!1001 &1562789323
PrefabInstance:
  m_ObjectHideFlags: 0
  serializedVersion: 2
  m_Modification:
    m_TransformParent: {fileID: 0}
    m_Modifications:
    - target: {fileID: 4952255495074484, guid: 04f274c4fc4a844cd994e15066bab0ca, type: 3}
      propertyPath: m_LocalPosition.x
      value: 5
      objectReference: {fileID: 0}
    - target: {fileID: 4952255495074484, guid: 04f274c4fc4a844cd994e15066bab0ca, type: 3}
      propertyPath: m_LocalPosition.y
      value: -0
      objectReference: {fileID: 0}
    - target: {fileID: 4952255495074484, guid: 04f274c4fc4a844cd994e15066bab0ca, type: 3}
      propertyPath: m_LocalPosition.z
      value: 21
      objectReference: {fileID: 0}
    - target: {fileID: 4952255495074484, guid: 04f274c4fc4a844cd994e15066bab0ca, type: 3}
      propertyPath: m_LocalRotation.x
      value: 0.000000021855694
      objectReference: {fileID: 0}
    - target: {fileID: 4952255495074484, guid: 04f274c4fc4a844cd994e15066bab0ca, type: 3}
      propertyPath: m_LocalRotation.y
      value: 0
      objectReference: {fileID: 0}
    - target: {fileID: 4952255495074484, guid: 04f274c4fc4a844cd994e15066bab0ca, type: 3}
      propertyPath: m_LocalRotation.z
      value: -0
      objectReference: {fileID: 0}
    - target: {fileID: 4952255495074484, guid: 04f274c4fc4a844cd994e15066bab0ca, type: 3}
      propertyPath: m_LocalRotation.w
      value: 1
      objectReference: {fileID: 0}
    - target: {fileID: 4952255495074484, guid: 04f274c4fc4a844cd994e15066bab0ca, type: 3}
      propertyPath: m_RootOrder
      value: 26
      objectReference: {fileID: 0}
    m_RemovedComponents: []
  m_SourcePrefab: {fileID: 100100000, guid: 04f274c4fc4a844cd994e15066bab0ca, type: 3}
--- !u!1001 &1570999046
PrefabInstance:
  m_ObjectHideFlags: 0
  serializedVersion: 2
  m_Modification:
    m_TransformParent: {fileID: 0}
    m_Modifications:
    - target: {fileID: 4369199720675416, guid: ba4b0179b7c72424a9083129278a34b2, type: 3}
      propertyPath: m_LocalPosition.x
      value: 31
      objectReference: {fileID: 0}
    - target: {fileID: 4369199720675416, guid: ba4b0179b7c72424a9083129278a34b2, type: 3}
      propertyPath: m_LocalPosition.y
      value: -0
      objectReference: {fileID: 0}
    - target: {fileID: 4369199720675416, guid: ba4b0179b7c72424a9083129278a34b2, type: 3}
      propertyPath: m_LocalPosition.z
      value: 13
      objectReference: {fileID: 0}
    - target: {fileID: 4369199720675416, guid: ba4b0179b7c72424a9083129278a34b2, type: 3}
      propertyPath: m_LocalRotation.x
      value: 0.000000021855694
      objectReference: {fileID: 0}
    - target: {fileID: 4369199720675416, guid: ba4b0179b7c72424a9083129278a34b2, type: 3}
      propertyPath: m_LocalRotation.y
      value: 0
      objectReference: {fileID: 0}
    - target: {fileID: 4369199720675416, guid: ba4b0179b7c72424a9083129278a34b2, type: 3}
      propertyPath: m_LocalRotation.z
      value: -0
      objectReference: {fileID: 0}
    - target: {fileID: 4369199720675416, guid: ba4b0179b7c72424a9083129278a34b2, type: 3}
      propertyPath: m_LocalRotation.w
      value: 1
      objectReference: {fileID: 0}
    - target: {fileID: 4369199720675416, guid: ba4b0179b7c72424a9083129278a34b2, type: 3}
      propertyPath: m_RootOrder
      value: 40
      objectReference: {fileID: 0}
    m_RemovedComponents: []
  m_SourcePrefab: {fileID: 100100000, guid: ba4b0179b7c72424a9083129278a34b2, type: 3}
--- !u!1001 &1714817432
PrefabInstance:
  m_ObjectHideFlags: 0
  serializedVersion: 2
  m_Modification:
    m_TransformParent: {fileID: 0}
    m_Modifications:
    - target: {fileID: 400000, guid: 8fe9454b6ae942546a536f67c1f56cdf, type: 3}
      propertyPath: m_LocalPosition.x
      value: -109.998314
      objectReference: {fileID: 0}
    - target: {fileID: 400000, guid: 8fe9454b6ae942546a536f67c1f56cdf, type: 3}
      propertyPath: m_LocalPosition.y
      value: 0.08378536
      objectReference: {fileID: 0}
    - target: {fileID: 400000, guid: 8fe9454b6ae942546a536f67c1f56cdf, type: 3}
      propertyPath: m_LocalPosition.z
      value: -25.294817
      objectReference: {fileID: 0}
    - target: {fileID: 400000, guid: 8fe9454b6ae942546a536f67c1f56cdf, type: 3}
      propertyPath: m_LocalRotation.x
      value: 0.000000015454313
      objectReference: {fileID: 0}
    - target: {fileID: 400000, guid: 8fe9454b6ae942546a536f67c1f56cdf, type: 3}
      propertyPath: m_LocalRotation.y
      value: 0.70710665
      objectReference: {fileID: 0}
    - target: {fileID: 400000, guid: 8fe9454b6ae942546a536f67c1f56cdf, type: 3}
      propertyPath: m_LocalRotation.z
      value: -0.000000015454308
      objectReference: {fileID: 0}
    - target: {fileID: 400000, guid: 8fe9454b6ae942546a536f67c1f56cdf, type: 3}
      propertyPath: m_LocalRotation.w
      value: 0.7071069
      objectReference: {fileID: 0}
    - target: {fileID: 400000, guid: 8fe9454b6ae942546a536f67c1f56cdf, type: 3}
      propertyPath: m_RootOrder
      value: 17
      objectReference: {fileID: 0}
    m_RemovedComponents: []
  m_SourcePrefab: {fileID: 100100000, guid: 8fe9454b6ae942546a536f67c1f56cdf, type: 3}
--- !u!1001 &1728118540
PrefabInstance:
  m_ObjectHideFlags: 0
  serializedVersion: 2
  m_Modification:
    m_TransformParent: {fileID: 0}
    m_Modifications:
    - target: {fileID: 4822704271971628, guid: fc8d8a06bb3824abab35f772d76dcda8, type: 3}
      propertyPath: m_LocalPosition.x
      value: 16
      objectReference: {fileID: 0}
    - target: {fileID: 4822704271971628, guid: fc8d8a06bb3824abab35f772d76dcda8, type: 3}
      propertyPath: m_LocalPosition.y
      value: 0
      objectReference: {fileID: 0}
    - target: {fileID: 4822704271971628, guid: fc8d8a06bb3824abab35f772d76dcda8, type: 3}
      propertyPath: m_LocalPosition.z
      value: 22
      objectReference: {fileID: 0}
    - target: {fileID: 4822704271971628, guid: fc8d8a06bb3824abab35f772d76dcda8, type: 3}
      propertyPath: m_LocalRotation.x
      value: 4.316693e-15
      objectReference: {fileID: 0}
    - target: {fileID: 4822704271971628, guid: fc8d8a06bb3824abab35f772d76dcda8, type: 3}
      propertyPath: m_LocalRotation.y
      value: 1
      objectReference: {fileID: 0}
    - target: {fileID: 4822704271971628, guid: fc8d8a06bb3824abab35f772d76dcda8, type: 3}
      propertyPath: m_LocalRotation.z
      value: -0.000000021855694
      objectReference: {fileID: 0}
    - target: {fileID: 4822704271971628, guid: fc8d8a06bb3824abab35f772d76dcda8, type: 3}
      propertyPath: m_LocalRotation.w
      value: 0.00000019470718
      objectReference: {fileID: 0}
    - target: {fileID: 4822704271971628, guid: fc8d8a06bb3824abab35f772d76dcda8, type: 3}
      propertyPath: m_RootOrder
      value: 28
      objectReference: {fileID: 0}
    m_RemovedComponents: []
  m_SourcePrefab: {fileID: 100100000, guid: fc8d8a06bb3824abab35f772d76dcda8, type: 3}
--- !u!1001 &1730714981
PrefabInstance:
  m_ObjectHideFlags: 0
  serializedVersion: 2
  m_Modification:
    m_TransformParent: {fileID: 0}
    m_Modifications:
    - target: {fileID: 400004, guid: 99ee7ba671a43d74c82d097e1e2dd4fc, type: 3}
      propertyPath: m_LocalPosition.x
      value: 46.2
      objectReference: {fileID: 0}
    - target: {fileID: 400004, guid: 99ee7ba671a43d74c82d097e1e2dd4fc, type: 3}
      propertyPath: m_LocalPosition.y
      value: 0
      objectReference: {fileID: 0}
    - target: {fileID: 400004, guid: 99ee7ba671a43d74c82d097e1e2dd4fc, type: 3}
      propertyPath: m_LocalPosition.z
      value: 73.3
      objectReference: {fileID: 0}
    - target: {fileID: 400004, guid: 99ee7ba671a43d74c82d097e1e2dd4fc, type: 3}
      propertyPath: m_LocalRotation.x
      value: -3.972184e-15
      objectReference: {fileID: 0}
    - target: {fileID: 400004, guid: 99ee7ba671a43d74c82d097e1e2dd4fc, type: 3}
      propertyPath: m_LocalRotation.y
      value: 1
      objectReference: {fileID: 0}
    - target: {fileID: 400004, guid: 99ee7ba671a43d74c82d097e1e2dd4fc, type: 3}
      propertyPath: m_LocalRotation.z
      value: -0.000000021855694
      objectReference: {fileID: 0}
    - target: {fileID: 400004, guid: 99ee7ba671a43d74c82d097e1e2dd4fc, type: 3}
      propertyPath: m_LocalRotation.w
      value: -0.00000019470718
      objectReference: {fileID: 0}
    - target: {fileID: 400004, guid: 99ee7ba671a43d74c82d097e1e2dd4fc, type: 3}
      propertyPath: m_RootOrder
      value: 4
      objectReference: {fileID: 0}
    m_RemovedComponents: []
  m_SourcePrefab: {fileID: 100100000, guid: 99ee7ba671a43d74c82d097e1e2dd4fc, type: 3}
--- !u!1001 &1734266233
PrefabInstance:
  m_ObjectHideFlags: 0
  serializedVersion: 2
  m_Modification:
    m_TransformParent: {fileID: 0}
    m_Modifications:
    - target: {fileID: 4518890817323150, guid: dc3a02ae1022e48a8909ff89642e6ebb, type: 3}
      propertyPath: m_LocalPosition.x
      value: 22
      objectReference: {fileID: 0}
    - target: {fileID: 4518890817323150, guid: dc3a02ae1022e48a8909ff89642e6ebb, type: 3}
      propertyPath: m_LocalPosition.y
      value: -0
      objectReference: {fileID: 0}
    - target: {fileID: 4518890817323150, guid: dc3a02ae1022e48a8909ff89642e6ebb, type: 3}
      propertyPath: m_LocalPosition.z
      value: 17
      objectReference: {fileID: 0}
    - target: {fileID: 4518890817323150, guid: dc3a02ae1022e48a8909ff89642e6ebb, type: 3}
      propertyPath: m_LocalRotation.x
      value: 0.000000021855694
      objectReference: {fileID: 0}
    - target: {fileID: 4518890817323150, guid: dc3a02ae1022e48a8909ff89642e6ebb, type: 3}
      propertyPath: m_LocalRotation.y
      value: 0
      objectReference: {fileID: 0}
    - target: {fileID: 4518890817323150, guid: dc3a02ae1022e48a8909ff89642e6ebb, type: 3}
      propertyPath: m_LocalRotation.z
      value: -0
      objectReference: {fileID: 0}
    - target: {fileID: 4518890817323150, guid: dc3a02ae1022e48a8909ff89642e6ebb, type: 3}
      propertyPath: m_LocalRotation.w
      value: 1
      objectReference: {fileID: 0}
    - target: {fileID: 4518890817323150, guid: dc3a02ae1022e48a8909ff89642e6ebb, type: 3}
      propertyPath: m_RootOrder
      value: 37
      objectReference: {fileID: 0}
    m_RemovedComponents: []
  m_SourcePrefab: {fileID: 100100000, guid: dc3a02ae1022e48a8909ff89642e6ebb, type: 3}
--- !u!1001 &1768918674
PrefabInstance:
  m_ObjectHideFlags: 0
  serializedVersion: 2
  m_Modification:
    m_TransformParent: {fileID: 0}
    m_Modifications:
    - target: {fileID: 400004, guid: de68b8612daeff94eb0d0334f61a244c, type: 3}
      propertyPath: m_LocalPosition.x
      value: 84.5
      objectReference: {fileID: 0}
    - target: {fileID: 400004, guid: de68b8612daeff94eb0d0334f61a244c, type: 3}
      propertyPath: m_LocalPosition.y
      value: 0
      objectReference: {fileID: 0}
    - target: {fileID: 400004, guid: de68b8612daeff94eb0d0334f61a244c, type: 3}
      propertyPath: m_LocalPosition.z
      value: 56.6
      objectReference: {fileID: 0}
    - target: {fileID: 400004, guid: de68b8612daeff94eb0d0334f61a244c, type: 3}
      propertyPath: m_LocalRotation.x
      value: -3.972184e-15
      objectReference: {fileID: 0}
    - target: {fileID: 400004, guid: de68b8612daeff94eb0d0334f61a244c, type: 3}
      propertyPath: m_LocalRotation.y
      value: 1
      objectReference: {fileID: 0}
    - target: {fileID: 400004, guid: de68b8612daeff94eb0d0334f61a244c, type: 3}
      propertyPath: m_LocalRotation.z
      value: -0.000000021855694
      objectReference: {fileID: 0}
    - target: {fileID: 400004, guid: de68b8612daeff94eb0d0334f61a244c, type: 3}
      propertyPath: m_LocalRotation.w
      value: -0.00000019470718
      objectReference: {fileID: 0}
    - target: {fileID: 400004, guid: de68b8612daeff94eb0d0334f61a244c, type: 3}
      propertyPath: m_RootOrder
      value: 10
      objectReference: {fileID: 0}
    m_RemovedComponents: []
  m_SourcePrefab: {fileID: 100100000, guid: de68b8612daeff94eb0d0334f61a244c, type: 3}
--- !u!1001 &1959416150
PrefabInstance:
  m_ObjectHideFlags: 0
  serializedVersion: 2
  m_Modification:
    m_TransformParent: {fileID: 0}
    m_Modifications:
    - target: {fileID: 400004, guid: 609e40cd277231e4e87c3b2065dfa0b0, type: 3}
      propertyPath: m_LocalPosition.x
      value: 61.8
      objectReference: {fileID: 0}
    - target: {fileID: 400004, guid: 609e40cd277231e4e87c3b2065dfa0b0, type: 3}
      propertyPath: m_LocalPosition.y
      value: 0
      objectReference: {fileID: 0}
    - target: {fileID: 400004, guid: 609e40cd277231e4e87c3b2065dfa0b0, type: 3}
      propertyPath: m_LocalPosition.z
      value: 74.3
      objectReference: {fileID: 0}
    - target: {fileID: 400004, guid: 609e40cd277231e4e87c3b2065dfa0b0, type: 3}
      propertyPath: m_LocalRotation.x
      value: -3.972184e-15
      objectReference: {fileID: 0}
    - target: {fileID: 400004, guid: 609e40cd277231e4e87c3b2065dfa0b0, type: 3}
      propertyPath: m_LocalRotation.y
      value: 1
      objectReference: {fileID: 0}
    - target: {fileID: 400004, guid: 609e40cd277231e4e87c3b2065dfa0b0, type: 3}
      propertyPath: m_LocalRotation.z
      value: -0.000000021855694
      objectReference: {fileID: 0}
    - target: {fileID: 400004, guid: 609e40cd277231e4e87c3b2065dfa0b0, type: 3}
      propertyPath: m_LocalRotation.w
      value: -0.00000019470718
      objectReference: {fileID: 0}
    - target: {fileID: 400004, guid: 609e40cd277231e4e87c3b2065dfa0b0, type: 3}
      propertyPath: m_RootOrder
      value: 5
      objectReference: {fileID: 0}
    m_RemovedComponents: []
  m_SourcePrefab: {fileID: 100100000, guid: 609e40cd277231e4e87c3b2065dfa0b0, type: 3}
--- !u!1001 &1994439093
PrefabInstance:
  m_ObjectHideFlags: 0
  serializedVersion: 2
  m_Modification:
    m_TransformParent: {fileID: 0}
    m_Modifications:
    - target: {fileID: 4465092587042018, guid: bcf10484c25814b879d0f3be514fb90b, type: 3}
      propertyPath: m_LocalPosition.x
      value: 16
      objectReference: {fileID: 0}
    - target: {fileID: 4465092587042018, guid: bcf10484c25814b879d0f3be514fb90b, type: 3}
      propertyPath: m_LocalPosition.y
      value: -0
      objectReference: {fileID: 0}
    - target: {fileID: 4465092587042018, guid: bcf10484c25814b879d0f3be514fb90b, type: 3}
      propertyPath: m_LocalPosition.z
      value: 17
      objectReference: {fileID: 0}
    - target: {fileID: 4465092587042018, guid: bcf10484c25814b879d0f3be514fb90b, type: 3}
      propertyPath: m_LocalRotation.x
      value: 0.000000021855694
      objectReference: {fileID: 0}
    - target: {fileID: 4465092587042018, guid: bcf10484c25814b879d0f3be514fb90b, type: 3}
      propertyPath: m_LocalRotation.y
      value: 0
      objectReference: {fileID: 0}
    - target: {fileID: 4465092587042018, guid: bcf10484c25814b879d0f3be514fb90b, type: 3}
      propertyPath: m_LocalRotation.z
      value: -0
      objectReference: {fileID: 0}
    - target: {fileID: 4465092587042018, guid: bcf10484c25814b879d0f3be514fb90b, type: 3}
      propertyPath: m_LocalRotation.w
      value: 1
      objectReference: {fileID: 0}
    - target: {fileID: 4465092587042018, guid: bcf10484c25814b879d0f3be514fb90b, type: 3}
      propertyPath: m_RootOrder
      value: 39
      objectReference: {fileID: 0}
    m_RemovedComponents: []
  m_SourcePrefab: {fileID: 100100000, guid: bcf10484c25814b879d0f3be514fb90b, type: 3}
--- !u!1001 &2069618512
PrefabInstance:
  m_ObjectHideFlags: 0
  serializedVersion: 2
  m_Modification:
    m_TransformParent: {fileID: 0}
    m_Modifications:
    - target: {fileID: 4927797414742418, guid: 69048ba3eb5af420ba5336e767055e40, type: 3}
      propertyPath: m_LocalPosition.x
      value: -4
      objectReference: {fileID: 0}
    - target: {fileID: 4927797414742418, guid: 69048ba3eb5af420ba5336e767055e40, type: 3}
      propertyPath: m_LocalPosition.y
      value: -0
      objectReference: {fileID: 0}
    - target: {fileID: 4927797414742418, guid: 69048ba3eb5af420ba5336e767055e40, type: 3}
      propertyPath: m_LocalPosition.z
      value: 22
      objectReference: {fileID: 0}
    - target: {fileID: 4927797414742418, guid: 69048ba3eb5af420ba5336e767055e40, type: 3}
      propertyPath: m_LocalRotation.x
      value: 0.000000021855694
      objectReference: {fileID: 0}
    - target: {fileID: 4927797414742418, guid: 69048ba3eb5af420ba5336e767055e40, type: 3}
      propertyPath: m_LocalRotation.y
      value: 0
      objectReference: {fileID: 0}
    - target: {fileID: 4927797414742418, guid: 69048ba3eb5af420ba5336e767055e40, type: 3}
      propertyPath: m_LocalRotation.z
      value: -0
      objectReference: {fileID: 0}
    - target: {fileID: 4927797414742418, guid: 69048ba3eb5af420ba5336e767055e40, type: 3}
      propertyPath: m_LocalRotation.w
      value: 1
      objectReference: {fileID: 0}
    - target: {fileID: 4927797414742418, guid: 69048ba3eb5af420ba5336e767055e40, type: 3}
      propertyPath: m_RootOrder
      value: 20
      objectReference: {fileID: 0}
    m_RemovedComponents: []
  m_SourcePrefab: {fileID: 100100000, guid: 69048ba3eb5af420ba5336e767055e40, type: 3}
--- !u!1001 &2083388313
PrefabInstance:
  m_ObjectHideFlags: 0
  serializedVersion: 2
  m_Modification:
    m_TransformParent: {fileID: 0}
    m_Modifications:
    - target: {fileID: 400006, guid: ebf1e10bfc96627499c5c33c174df134, type: 3}
      propertyPath: m_LocalPosition.x
      value: 65.1
      objectReference: {fileID: 0}
    - target: {fileID: 400006, guid: ebf1e10bfc96627499c5c33c174df134, type: 3}
      propertyPath: m_LocalPosition.y
      value: -0
      objectReference: {fileID: 0}
    - target: {fileID: 400006, guid: ebf1e10bfc96627499c5c33c174df134, type: 3}
      propertyPath: m_LocalPosition.z
      value: 39
      objectReference: {fileID: 0}
    - target: {fileID: 400006, guid: ebf1e10bfc96627499c5c33c174df134, type: 3}
      propertyPath: m_LocalRotation.x
      value: -3.972184e-15
      objectReference: {fileID: 0}
    - target: {fileID: 400006, guid: ebf1e10bfc96627499c5c33c174df134, type: 3}
      propertyPath: m_LocalRotation.y
      value: 1
      objectReference: {fileID: 0}
    - target: {fileID: 400006, guid: ebf1e10bfc96627499c5c33c174df134, type: 3}
      propertyPath: m_LocalRotation.z
      value: -0.000000021855694
      objectReference: {fileID: 0}
    - target: {fileID: 400006, guid: ebf1e10bfc96627499c5c33c174df134, type: 3}
      propertyPath: m_LocalRotation.w
      value: -0.00000019470718
      objectReference: {fileID: 0}
    - target: {fileID: 400006, guid: ebf1e10bfc96627499c5c33c174df134, type: 3}
      propertyPath: m_RootOrder
      value: 8
      objectReference: {fileID: 0}
    m_RemovedComponents: []
  m_SourcePrefab: {fileID: 100100000, guid: ebf1e10bfc96627499c5c33c174df134, type: 3}
--- !u!1 &2128309311
GameObject:
  m_ObjectHideFlags: 0
  m_CorrespondingSourceObject: {fileID: 0}
  m_PrefabInstance: {fileID: 0}
  m_PrefabAsset: {fileID: 0}
  serializedVersion: 6
  m_Component:
  - component: {fileID: 2128309313}
  - component: {fileID: 2128309312}
  m_Layer: 0
  m_Name: Directional Light
  m_TagString: Untagged
  m_Icon: {fileID: 0}
  m_NavMeshLayer: 0
  m_StaticEditorFlags: 0
  m_IsActive: 1
--- !u!108 &2128309312
Light:
  m_ObjectHideFlags: 0
  m_CorrespondingSourceObject: {fileID: 0}
  m_PrefabInstance: {fileID: 0}
  m_PrefabAsset: {fileID: 0}
  m_GameObject: {fileID: 2128309311}
  m_Enabled: 1
  serializedVersion: 10
  m_Type: 1
  m_Shape: 0
  m_Color: {r: 1, g: 0.95686275, b: 0.8392157, a: 1}
  m_Intensity: 1
  m_Range: 10
  m_SpotAngle: 30
  m_InnerSpotAngle: 21.802082
  m_CookieSize: 10
  m_Shadows:
    m_Type: 2
    m_Resolution: -1
    m_CustomResolution: -1
    m_Strength: 1
    m_Bias: 0.05
    m_NormalBias: 0.4
    m_NearPlane: 0.2
    m_CullingMatrixOverride:
      e00: 1
      e01: 0
      e02: 0
      e03: 0
      e10: 0
      e11: 1
      e12: 0
      e13: 0
      e20: 0
      e21: 0
      e22: 1
      e23: 0
      e30: 0
      e31: 0
      e32: 0
      e33: 1
    m_UseCullingMatrixOverride: 0
  m_Cookie: {fileID: 0}
  m_DrawHalo: 0
  m_Flare: {fileID: 0}
  m_RenderMode: 0
  m_CullingMask:
    serializedVersion: 2
    m_Bits: 4294967295
  m_RenderingLayerMask: 1
  m_Lightmapping: 4
  m_LightShadowCasterMode: 0
  m_AreaSize: {x: 1, y: 1}
  m_BounceIntensity: 1
  m_ColorTemperature: 6570
  m_UseColorTemperature: 0
  m_BoundingSphereOverride: {x: 0, y: 0, z: 0, w: 0}
  m_UseBoundingSphereOverride: 0
  m_ShadowRadius: 0
  m_ShadowAngle: 0
--- !u!4 &2128309313
Transform:
  m_ObjectHideFlags: 0
  m_CorrespondingSourceObject: {fileID: 0}
  m_PrefabInstance: {fileID: 0}
  m_PrefabAsset: {fileID: 0}
  m_GameObject: {fileID: 2128309311}
  m_LocalRotation: {x: 0.88920593, y: -0.07590202, z: 0.15999341, w: 0.42184567}
  m_LocalPosition: {x: 0, y: 3, z: 0}
  m_LocalScale: {x: 1, y: 1, z: 1}
  m_Children: []
  m_Father: {fileID: 0}
  m_RootOrder: 18
  m_LocalEulerAnglesHint: {x: 129.24, y: -20.4, z: 0}
